    <!DOCTYPE html>
    <html lang="en">
    
    <head>
        <meta charset="UTF-8">
        <meta http-equiv="X-UA-Compatible" content="IE=edge">
        <meta name="viewport" content="width=device-width, initial-scale=1.0">
        <title>IaSmarKet Products</title>
        <style>
            body {
                background-color: black;
                color: white;
                font-family: Arial, sans-serif;
            }
    
            .datetime {
                text-align: center;
                color: gray;
                margin-top: 20px;
            }
    
            .date,
            .time {
                font-size: 48px;
            }
    
            .container {
                display: flex;
                flex-wrap: wrap;
                justify-content: center;
                align-items: flex-start;
                min-height: calc(100vh - 7cm);
                padding: 20px;
            }
    
            .product {
                width: calc(100% / 4 - 40px);
                margin: 10px;
                text-align: center;
                border: 1px solid red;
                border-radius: 10px;
                overflow: hidden;
                padding: 10px;
                display: flex;
                flex-direction: column;
                background-color: black;
                color: white;
                transition: transform 0.3s;
            }
    
            .product:hover {
                transform: scale(1.05);
            }
    
            .product .content {
                height: 200px;
                overflow: hidden;
            }
    
            .product img {
                width: 100%;
                height: 200px;
                object-fit: cover;
            }
    
            .product .description {
                margin-top: 10px;
                flex-grow: 1;
            }
    
            .product .more-link {
                margin-top: 5px;
                cursor: pointer;
                color: blue;
                text-decoration: underline;
            }
    
            .pagination {
                text-align: center;
                margin: 20px 0;
                width: 100%;
            }
    
            .pagination a {
                color: white;
                padding: 8px 16px;
                text-decoration: none;
                background-color: gray;
                margin: 0 4px;
                border-radius: 4px;
            }
    
            .pagination a:hover {
                background-color: #575757;
            }
    
            @media (min-width: 768px) and (max-width: 991px) {
                .product {
                    width: calc(100% / 3 - 40px);
                }
            }
    
            @media (max-width: 767px) {
                .product {
                    width: calc(100% - 40px);
                }
            }
    
            /* Style pour le bouton flottant */
            .floating-button {
                position: fixed;
                bottom: 20px;
                right: 20px;
                background-color: red;
                color: white;
                border: none;
                border-radius: 50%;
                width: 60px;
                height: 60px;
                text-align: center;
                font-size: 18px;
                cursor: pointer;
                z-index: 1000;
                box-shadow: 0 4px 8px rgba(0, 0, 0, 0.2);
            }
    
            /* Style pour la barre de recherche */
            .search-bar {
                width: 100%;
                text-align: center;
                margin: 20px 0;
            }
    
            .search-bar input {
                width: 50%;
                padding: 10px;
                border-radius: 5px;
                border: none;
                font-size: 16px;
            }
    
            @media (max-width: 767px) {
                .search-bar input {
                    width: 80%;
                }
            }
        </style>
    </head>
    
    <body>
        <div class="datetime">
            <div class="date" id="comment"></div>
            <div class="date" id="date"></div>
            <div class="time" id="time"></div>
        </div>
        <!-- Pagination -->
        <div class="pagination">Pages :

         
            </div>
                <!-- Barre de recherche -->
                <div class="search-bar">serche:
                <input type="text" id="searchInput" placeholder=" search and filter by product / name Ex:'Blender' / discount percentage Ex:'30%' ..." onkeyup="filterProducts()">
                </div>

                <div class="container" id="productContainer">
                    <!-- Exemple de produits -->
          
            

<div class="product"><a href="https://www.amazon.com/dp/B0033J6V3A?tag=eloabder-20&linkCode=osi&th=1&psc=1"><img src="https://m.media-amazon.com/images/I/21o5ASbichL._SL500_.jpg" alt="Product Image"></a><p>NuSparc 2 Drawer Locking Filing Cabinet | Pre-Assembled Steel Construction | Space-Saving Design is Perfect for Home and Small Office | Letter-Size | Assembled in North America</p><p> -14% 0FF </p><p>$76.99</p><a href="https://www.amazon.com/dp/B0033J6V3A?tag=eloabder-20&linkCode=osi&th=1&psc=1">View Product</a></div><div class="product"><a href="https://www.amazon.com/dp/B0D9XYD75W?tag=eloabder-20&linkCode=osi&th=1&psc=1"><img src="https://m.media-amazon.com/images/I/31VM3xK++PL._SL500_.jpg" alt="Product Image"></a><p>BYNSOE 2 Drawer File Cabinet with Lock Vertical Filing Storage Cabinet Office Home Steel Vertical File Cabinets for Letter Size File Cabinet Locked,Assembly Required</p><p> -8% 0FF </p><p>$54.99</p><a href="https://www.amazon.com/dp/B0D9XYD75W?tag=eloabder-20&linkCode=osi&th=1&psc=1">View Product</a></div><div class="product"><a href="https://www.amazon.com/dp/B0989HLF81?tag=eloabder-20&linkCode=osi&th=1&psc=1"><img src="https://m.media-amazon.com/images/I/51vzgnkbcjL._SL500_.jpg" alt="Product Image"></a><p>DEVAISE 3 Drawer Mobile File Cabinet, Wood Lateral Filing Cabinet, Printer Stand with Open Shelves for Home Office, Rustic Brown</p><p> -21% 0FF </p><p>$74.99</p><a href="https://www.amazon.com/dp/B0989HLF81?tag=eloabder-20&linkCode=osi&th=1&psc=1">View Product</a></div>

<div class="product"><a href="https://www.amazon.com/dp/B0033J6V3A?tag=eloabder-20&linkCode=osi&th=1&psc=1"><img src="https://m.media-amazon.com/images/I/21o5ASbichL._SL500_.jpg" alt="Product Image"></a><p>NuSparc 2 Drawer Locking Filing Cabinet | Pre-Assembled Steel Construction | Space-Saving Design is Perfect for Home and Small Office | Letter-Size | Assembled in North America</p><p> -14% 0FF </p><p>$76.99</p><a href="https://www.amazon.com/dp/B0033J6V3A?tag=eloabder-20&linkCode=osi&th=1&psc=1">View Product</a></div><div class="product"><a href="https://www.amazon.com/dp/B0D9XYD75W?tag=eloabder-20&linkCode=osi&th=1&psc=1"><img src="https://m.media-amazon.com/images/I/31VM3xK++PL._SL500_.jpg" alt="Product Image"></a><p>BYNSOE 2 Drawer File Cabinet with Lock Vertical Filing Storage Cabinet Office Home Steel Vertical File Cabinets for Letter Size File Cabinet Locked,Assembly Required</p><p> -8% 0FF </p><p>$54.99</p><a href="https://www.amazon.com/dp/B0D9XYD75W?tag=eloabder-20&linkCode=osi&th=1&psc=1">View Product</a></div><div class="product"><a href="https://www.amazon.com/dp/B0989HLF81?tag=eloabder-20&linkCode=osi&th=1&psc=1"><img src="https://m.media-amazon.com/images/I/51vzgnkbcjL._SL500_.jpg" alt="Product Image"></a><p>DEVAISE 3 Drawer Mobile File Cabinet, Wood Lateral Filing Cabinet, Printer Stand with Open Shelves for Home Office, Rustic Brown</p><p> -21% 0FF </p><p>$74.99</p><a href="https://www.amazon.com/dp/B0989HLF81?tag=eloabder-20&linkCode=osi&th=1&psc=1">View Product</a></div>
<div class="product"><a href="https://www.amazon.com/dp/B00006RSQD?tag=eloabder-20&linkCode=osi&th=1&psc=1"><img src="https://m.media-amazon.com/images/I/315rez3KpeL._SL500_.jpg" alt="Product Image"></a><p>Bush Business Furniture Series C 36W Tall 5 Shelf Bookcase in Hansen Cherry, Large Storage and Display Bookshelf for Home or Professional Office</p><p> -8% 0FF </p><p>$239.49</p><a href="https://www.amazon.com/dp/B00006RSQD?tag=eloabder-20&linkCode=osi&th=1&psc=1">View Product</a></div>

<div class="product"><a href="https://www.amazon.com/dp/B0033J6V3A?tag=eloabder-20&linkCode=osi&th=1&psc=1"><img src="https://m.media-amazon.com/images/I/21o5ASbichL._SL500_.jpg" alt="Product Image"></a><p>NuSparc 2 Drawer Locking Filing Cabinet | Pre-Assembled Steel Construction | Space-Saving Design is Perfect for Home and Small Office | Letter-Size | Assembled in North America</p><p> -14% 0FF </p><p>$76.99</p><a href="https://www.amazon.com/dp/B0033J6V3A?tag=eloabder-20&linkCode=osi&th=1&psc=1">View Product</a></div><div class="product"><a href="https://www.amazon.com/dp/B0D9XYD75W?tag=eloabder-20&linkCode=osi&th=1&psc=1"><img src="https://m.media-amazon.com/images/I/31VM3xK++PL._SL500_.jpg" alt="Product Image"></a><p>BYNSOE 2 Drawer File Cabinet with Lock Vertical Filing Storage Cabinet Office Home Steel Vertical File Cabinets for Letter Size File Cabinet Locked,Assembly Required</p><p> -8% 0FF </p><p>$54.99</p><a href="https://www.amazon.com/dp/B0D9XYD75W?tag=eloabder-20&linkCode=osi&th=1&psc=1">View Product</a></div><div class="product"><a href="https://www.amazon.com/dp/B0989HLF81?tag=eloabder-20&linkCode=osi&th=1&psc=1"><img src="https://m.media-amazon.com/images/I/51vzgnkbcjL._SL500_.jpg" alt="Product Image"></a><p>DEVAISE 3 Drawer Mobile File Cabinet, Wood Lateral Filing Cabinet, Printer Stand with Open Shelves for Home Office, Rustic Brown</p><p> -21% 0FF </p><p>$74.99</p><a href="https://www.amazon.com/dp/B0989HLF81?tag=eloabder-20&linkCode=osi&th=1&psc=1">View Product</a></div>
<div class="product"><a href="https://www.amazon.com/dp/B00006RSQD?tag=eloabder-20&linkCode=osi&th=1&psc=1"><img src="https://m.media-amazon.com/images/I/315rez3KpeL._SL500_.jpg" alt="Product Image"></a><p>Bush Business Furniture Series C 36W Tall 5 Shelf Bookcase in Hansen Cherry, Large Storage and Display Bookshelf for Home or Professional Office</p><p> -8% 0FF </p><p>$239.49</p><a href="https://www.amazon.com/dp/B00006RSQD?tag=eloabder-20&linkCode=osi&th=1&psc=1">View Product</a></div>
<div class="product"><a href="https://www.amazon.com/dp/B09F6JPYSY?tag=eloabder-20&linkCode=osi&th=1&psc=1"><img src="https://m.media-amazon.com/images/I/51fGLH7lhHL._SL500_.jpg" alt="Product Image"></a><p>SPACELEAD Slim Storage Cart 3 Tier,Bathroom Organizer Rolling Utility,Mobile Shelving Unit Slide Out for Office, Kitchen, Laundry Room & Narrow Places,Black</p><p> -30% 0FF </p><p>$20.99</p><a href="https://www.amazon.com/dp/B09F6JPYSY?tag=eloabder-20&linkCode=osi&th=1&psc=1">View Product</a></div><div class="product"><a href="https://www.amazon.com/dp/B08KFTVGQY?tag=eloabder-20&linkCode=osi&th=1&psc=1"><img src="https://m.media-amazon.com/images/I/51BjUEmGaiL._SL500_.jpg" alt="Product Image"></a><p>SONGMICS Cube Storage Organizer, Set of 16 Plastic Cubes, Closet Organizers and Storage, Room Organization, Bedroom Living Room, 12.2 x 48.4 x 48.4 Inches, Rustic Brown ULPC442A01</p><p> -15% 0FF </p><p>$46.99</p><a href="https://www.amazon.com/dp/B08KFTVGQY?tag=eloabder-20&linkCode=osi&th=1&psc=1">View Product</a></div><div class="product"><a href="https://www.amazon.com/dp/B0DG359YX5?tag=eloabder-20&linkCode=osi&th=1&psc=1"><img src="https://m.media-amazon.com/images/I/41OBXL4HJdL._SL500_.jpg" alt="Product Image"></a><p>VIVO Clamp-on 13 inch Above or Below Desk 2-Tier Shelving Unit for Table Accessories, Gaming Devices, and More, Storage Tray, Desktop Organizer, Rustic Vintage Brown, STAND-SHELF2C-N</p><p> -20% 0FF </p><p>$39.99</p><a href="https://www.amazon.com/dp/B0DG359YX5?tag=eloabder-20&linkCode=osi&th=1&psc=1">View Product</a></div><div class="product"><a href="https://www.amazon.com/dp/B0D7S5GGP6?tag=eloabder-20&linkCode=osi&th=1&psc=1"><img src="https://m.media-amazon.com/images/I/51EriWG2BLL._SL500_.jpg" alt="Product Image"></a><p>C&AHOME Wire Cube Storage, 9 - Cube Organizer Metal C Grids, Modular Shelves Units, Closet Organizer, Ideal for Home, Office, Living Room, 36.6”L x 12.4”W x 48.4”H, Silver Gray UWCS3009G</p><p> -33% 0FF </p><p>$28.87</p><a href="https://www.amazon.com/dp/B0D7S5GGP6?tag=eloabder-20&linkCode=osi&th=1&psc=1">View Product</a></div>

<div class="product"><a href="https://www.amazon.com/dp/B0033J6V3A?tag=eloabder-20&linkCode=osi&th=1&psc=1"><img src="https://m.media-amazon.com/images/I/21o5ASbichL._SL500_.jpg" alt="Product Image"></a><p>NuSparc 2 Drawer Locking Filing Cabinet | Pre-Assembled Steel Construction | Space-Saving Design is Perfect for Home and Small Office | Letter-Size | Assembled in North America</p><p> -14% 0FF </p><p>$76.99</p><a href="https://www.amazon.com/dp/B0033J6V3A?tag=eloabder-20&linkCode=osi&th=1&psc=1">View Product</a></div><div class="product"><a href="https://www.amazon.com/dp/B0D9XYD75W?tag=eloabder-20&linkCode=osi&th=1&psc=1"><img src="https://m.media-amazon.com/images/I/31VM3xK++PL._SL500_.jpg" alt="Product Image"></a><p>BYNSOE 2 Drawer File Cabinet with Lock Vertical Filing Storage Cabinet Office Home Steel Vertical File Cabinets for Letter Size File Cabinet Locked,Assembly Required</p><p> -8% 0FF </p><p>$54.99</p><a href="https://www.amazon.com/dp/B0D9XYD75W?tag=eloabder-20&linkCode=osi&th=1&psc=1">View Product</a></div><div class="product"><a href="https://www.amazon.com/dp/B0989HLF81?tag=eloabder-20&linkCode=osi&th=1&psc=1"><img src="https://m.media-amazon.com/images/I/51vzgnkbcjL._SL500_.jpg" alt="Product Image"></a><p>DEVAISE 3 Drawer Mobile File Cabinet, Wood Lateral Filing Cabinet, Printer Stand with Open Shelves for Home Office, Rustic Brown</p><p> -21% 0FF </p><p>$74.99</p><a href="https://www.amazon.com/dp/B0989HLF81?tag=eloabder-20&linkCode=osi&th=1&psc=1">View Product</a></div>
<div class="product"><a href="https://www.amazon.com/dp/B00006RSQD?tag=eloabder-20&linkCode=osi&th=1&psc=1"><img src="https://m.media-amazon.com/images/I/315rez3KpeL._SL500_.jpg" alt="Product Image"></a><p>Bush Business Furniture Series C 36W Tall 5 Shelf Bookcase in Hansen Cherry, Large Storage and Display Bookshelf for Home or Professional Office</p><p> -8% 0FF </p><p>$239.49</p><a href="https://www.amazon.com/dp/B00006RSQD?tag=eloabder-20&linkCode=osi&th=1&psc=1">View Product</a></div>
<div class="product"><a href="https://www.amazon.com/dp/B09F6JPYSY?tag=eloabder-20&linkCode=osi&th=1&psc=1"><img src="https://m.media-amazon.com/images/I/51fGLH7lhHL._SL500_.jpg" alt="Product Image"></a><p>SPACELEAD Slim Storage Cart 3 Tier,Bathroom Organizer Rolling Utility,Mobile Shelving Unit Slide Out for Office, Kitchen, Laundry Room & Narrow Places,Black</p><p> -30% 0FF </p><p>$20.99</p><a href="https://www.amazon.com/dp/B09F6JPYSY?tag=eloabder-20&linkCode=osi&th=1&psc=1">View Product</a></div><div class="product"><a href="https://www.amazon.com/dp/B08KFTVGQY?tag=eloabder-20&linkCode=osi&th=1&psc=1"><img src="https://m.media-amazon.com/images/I/51BjUEmGaiL._SL500_.jpg" alt="Product Image"></a><p>SONGMICS Cube Storage Organizer, Set of 16 Plastic Cubes, Closet Organizers and Storage, Room Organization, Bedroom Living Room, 12.2 x 48.4 x 48.4 Inches, Rustic Brown ULPC442A01</p><p> -15% 0FF </p><p>$46.99</p><a href="https://www.amazon.com/dp/B08KFTVGQY?tag=eloabder-20&linkCode=osi&th=1&psc=1">View Product</a></div><div class="product"><a href="https://www.amazon.com/dp/B0DG359YX5?tag=eloabder-20&linkCode=osi&th=1&psc=1"><img src="https://m.media-amazon.com/images/I/41OBXL4HJdL._SL500_.jpg" alt="Product Image"></a><p>VIVO Clamp-on 13 inch Above or Below Desk 2-Tier Shelving Unit for Table Accessories, Gaming Devices, and More, Storage Tray, Desktop Organizer, Rustic Vintage Brown, STAND-SHELF2C-N</p><p> -20% 0FF </p><p>$39.99</p><a href="https://www.amazon.com/dp/B0DG359YX5?tag=eloabder-20&linkCode=osi&th=1&psc=1">View Product</a></div><div class="product"><a href="https://www.amazon.com/dp/B0D7S5GGP6?tag=eloabder-20&linkCode=osi&th=1&psc=1"><img src="https://m.media-amazon.com/images/I/51EriWG2BLL._SL500_.jpg" alt="Product Image"></a><p>C&AHOME Wire Cube Storage, 9 - Cube Organizer Metal C Grids, Modular Shelves Units, Closet Organizer, Ideal for Home, Office, Living Room, 36.6”L x 12.4”W x 48.4”H, Silver Gray UWCS3009G</p><p> -33% 0FF </p><p>$28.87</p><a href="https://www.amazon.com/dp/B0D7S5GGP6?tag=eloabder-20&linkCode=osi&th=1&psc=1">View Product</a></div>
<div class="product"><a href="https://www.amazon.com/dp/B0B1M6ML2J?tag=eloabder-20&linkCode=osi&th=1&psc=1"><img src="https://m.media-amazon.com/images/I/51pX2Qo38JL._SL500_.jpg" alt="Product Image"></a><p>WOWBOX 25 PCS Clear Plastic Drawer Organizer Set, 4 Sizes Desk Drawer Divider Organizers and Storage Bins for Makeup, Jewelry, Gadgets for Kitchen, Bedroom, Bathroom, Office</p><p> -35% 0FF </p><p>$16.13 ($0.65 / Count)</p><a href="https://www.amazon.com/dp/B0B1M6ML2J?tag=eloabder-20&linkCode=osi&th=1&psc=1">View Product</a></div><div class="product"><a href="https://www.amazon.com/dp/B0DB8F7GDN?tag=eloabder-20&linkCode=osi&th=1&psc=1"><img src="https://m.media-amazon.com/images/I/51iOtKHzvCL._SL500_.jpg" alt="Product Image"></a><p>OPNICE Desk Organizer and Accessories, 2-Tier Computer Monitor Stand Riser with Drawer and 2 Pen Holders, Laptop Stand, Office Desk Accessories for Office Supplies, Black</p><p> -27% 0FF </p><p>$21.99</p><a href="https://www.amazon.com/dp/B0DB8F7GDN?tag=eloabder-20&linkCode=osi&th=1&psc=1">View Product</a></div><div class="product"><a href="https://www.amazon.com/dp/B0FQ86P4M3?tag=eloabder-20&linkCode=osi&th=1&psc=1"><img src="https://m.media-amazon.com/images/I/41ZDdyGnPxL._SL500_.jpg" alt="Product Image"></a><p>Mind Reader 2-Tier Desk Organizer with Clamp, Accessory Shelf for Office or Gaming, Office, Metal, White</p><p> -5% 0FF </p><p>$37.99</p><a href="https://www.amazon.com/dp/B0FQ86P4M3?tag=eloabder-20&linkCode=osi&th=1&psc=1">View Product</a></div><div class="product"><a href="https://www.amazon.com/dp/B0BYDGF8DT?tag=eloabder-20&linkCode=osi&th=1&psc=1"><img src="https://m.media-amazon.com/images/I/51sE2GzgVNL._SL500_.jpg" alt="Product Image"></a><p>OPNICE Desk Organizer and Accessories, 4-Tier Desktop File Organizer with Drawer and 2 Pen Holders, Office Desk Accessories, Workspace Organizers for Office Supplies(Black)</p><p> -33% 0FF </p><p>$19.99</p><a href="https://www.amazon.com/dp/B0BYDGF8DT?tag=eloabder-20&linkCode=osi&th=1&psc=1">View Product</a></div><div class="product"><a href="https://www.amazon.com/dp/B0DJKSMV2T?tag=eloabder-20&linkCode=osi&th=1&psc=1"><img src="https://m.media-amazon.com/images/I/41gO3CCIg1L._SL500_.jpg" alt="Product Image"></a><p>gianotter Dual Monitor Stand Riser, Desk Organizer With Drawer and 2 Pen Holders, Computer Monitor Stand, Shelf for Top of Desk, Black</p><p> -28% 0FF </p><p>$25.99</p><a href="https://www.amazon.com/dp/B0DJKSMV2T?tag=eloabder-20&linkCode=osi&th=1&psc=1">View Product</a></div><div class="product"><a href="https://www.amazon.com/dp/B0BWTT3WK1?tag=eloabder-20&linkCode=osi&th=1&psc=1"><img src="https://m.media-amazon.com/images/I/51JTe2SjicL._SL500_.jpg" alt="Product Image"></a><p>gianotter Desk Organizers and Accessories with File Holder, 4-Tier Desk Accessories & Workspace Organizers with Drawer and 2 Pen Holder, Paper Organizer for Office Supplies (Rose Gold)</p><p> -27% 0FF </p><p>$23.99</p><a href="https://www.amazon.com/dp/B0BWTT3WK1?tag=eloabder-20&linkCode=osi&th=1&psc=1">View Product</a></div><div class="product"><a href="https://www.amazon.com/dp/B09QKDY1YY?tag=eloabder-20&linkCode=osi&th=1&psc=1"><img src="https://m.media-amazon.com/images/I/519UVM73B6L._SL500_.jpg" alt="Product Image"></a><p>Supeasy 5 Trays Paper Organizer Letter Tray with Handle-Mesh Desk File Organizer, Paper Sorter Desk Organizer for Office, Home or School</p><p> -17% 0FF </p><p>$19.99</p><a href="https://www.amazon.com/dp/B09QKDY1YY?tag=eloabder-20&linkCode=osi&th=1&psc=1">View Product</a></div><div class="product"><a href="https://www.amazon.com/dp/B08PBFKGJG?tag=eloabder-20&linkCode=osi&th=1&psc=1"><img src="https://m.media-amazon.com/images/I/61WfW0WLsqL._SL500_.jpg" alt="Product Image"></a><p>Marbrasse 6 Tier Paper Organizer Letter Tray - Mesh Desk File Organizer with Handle, Paper Sorter Organizer for Letter/A4 Office File Folder Holder - Black</p><p> -23% 0FF </p><p>$19.98</p><a href="https://www.amazon.com/dp/B08PBFKGJG?tag=eloabder-20&linkCode=osi&th=1&psc=1">View Product</a></div><div class="product"><a href="https://www.amazon.com/dp/B09K5927B5?tag=eloabder-20&linkCode=osi&th=1&psc=1"><img src="https://m.media-amazon.com/images/I/51u5tZ4jR6L._SL500_.jpg" alt="Product Image"></a><p>Marbrasse Desk Organizer with File Holder, 5-Tier Paper Letter Tray Organizer with Drawer and 2 Pen Holder, Mesh Desktop Organizer and Storage with Magazine Holder for Office Supplies(Black)</p><p> -24% 0FF </p><p>$33.99</p><a href="https://www.amazon.com/dp/B09K5927B5?tag=eloabder-20&linkCode=osi&th=1&psc=1">View Product</a></div>

<div class="product"><a href="https://www.amazon.com/dp/B0033J6V3A?tag=eloabder-20&linkCode=osi&th=1&psc=1"><img src="https://m.media-amazon.com/images/I/21o5ASbichL._SL500_.jpg" alt="Product Image"></a><p>NuSparc 2 Drawer Locking Filing Cabinet | Pre-Assembled Steel Construction | Space-Saving Design is Perfect for Home and Small Office | Letter-Size | Assembled in North America</p><p> -14% 0FF </p><p>$76.99</p><a href="https://www.amazon.com/dp/B0033J6V3A?tag=eloabder-20&linkCode=osi&th=1&psc=1">View Product</a></div><div class="product"><a href="https://www.amazon.com/dp/B0D9XYD75W?tag=eloabder-20&linkCode=osi&th=1&psc=1"><img src="https://m.media-amazon.com/images/I/31VM3xK++PL._SL500_.jpg" alt="Product Image"></a><p>BYNSOE 2 Drawer File Cabinet with Lock Vertical Filing Storage Cabinet Office Home Steel Vertical File Cabinets for Letter Size File Cabinet Locked,Assembly Required</p><p> -8% 0FF </p><p>$54.99</p><a href="https://www.amazon.com/dp/B0D9XYD75W?tag=eloabder-20&linkCode=osi&th=1&psc=1">View Product</a></div><div class="product"><a href="https://www.amazon.com/dp/B0989HLF81?tag=eloabder-20&linkCode=osi&th=1&psc=1"><img src="https://m.media-amazon.com/images/I/51vzgnkbcjL._SL500_.jpg" alt="Product Image"></a><p>DEVAISE 3 Drawer Mobile File Cabinet, Wood Lateral Filing Cabinet, Printer Stand with Open Shelves for Home Office, Rustic Brown</p><p> -21% 0FF </p><p>$74.99</p><a href="https://www.amazon.com/dp/B0989HLF81?tag=eloabder-20&linkCode=osi&th=1&psc=1">View Product</a></div>
<div class="product"><a href="https://www.amazon.com/dp/B00006RSQD?tag=eloabder-20&linkCode=osi&th=1&psc=1"><img src="https://m.media-amazon.com/images/I/315rez3KpeL._SL500_.jpg" alt="Product Image"></a><p>Bush Business Furniture Series C 36W Tall 5 Shelf Bookcase in Hansen Cherry, Large Storage and Display Bookshelf for Home or Professional Office</p><p> -8% 0FF </p><p>$239.49</p><a href="https://www.amazon.com/dp/B00006RSQD?tag=eloabder-20&linkCode=osi&th=1&psc=1">View Product</a></div>
<div class="product"><a href="https://www.amazon.com/dp/B09F6JPYSY?tag=eloabder-20&linkCode=osi&th=1&psc=1"><img src="https://m.media-amazon.com/images/I/51fGLH7lhHL._SL500_.jpg" alt="Product Image"></a><p>SPACELEAD Slim Storage Cart 3 Tier,Bathroom Organizer Rolling Utility,Mobile Shelving Unit Slide Out for Office, Kitchen, Laundry Room & Narrow Places,Black</p><p> -30% 0FF </p><p>$20.99</p><a href="https://www.amazon.com/dp/B09F6JPYSY?tag=eloabder-20&linkCode=osi&th=1&psc=1">View Product</a></div><div class="product"><a href="https://www.amazon.com/dp/B08KFTVGQY?tag=eloabder-20&linkCode=osi&th=1&psc=1"><img src="https://m.media-amazon.com/images/I/51BjUEmGaiL._SL500_.jpg" alt="Product Image"></a><p>SONGMICS Cube Storage Organizer, Set of 16 Plastic Cubes, Closet Organizers and Storage, Room Organization, Bedroom Living Room, 12.2 x 48.4 x 48.4 Inches, Rustic Brown ULPC442A01</p><p> -15% 0FF </p><p>$46.99</p><a href="https://www.amazon.com/dp/B08KFTVGQY?tag=eloabder-20&linkCode=osi&th=1&psc=1">View Product</a></div><div class="product"><a href="https://www.amazon.com/dp/B0DG359YX5?tag=eloabder-20&linkCode=osi&th=1&psc=1"><img src="https://m.media-amazon.com/images/I/41OBXL4HJdL._SL500_.jpg" alt="Product Image"></a><p>VIVO Clamp-on 13 inch Above or Below Desk 2-Tier Shelving Unit for Table Accessories, Gaming Devices, and More, Storage Tray, Desktop Organizer, Rustic Vintage Brown, STAND-SHELF2C-N</p><p> -20% 0FF </p><p>$39.99</p><a href="https://www.amazon.com/dp/B0DG359YX5?tag=eloabder-20&linkCode=osi&th=1&psc=1">View Product</a></div><div class="product"><a href="https://www.amazon.com/dp/B0D7S5GGP6?tag=eloabder-20&linkCode=osi&th=1&psc=1"><img src="https://m.media-amazon.com/images/I/51EriWG2BLL._SL500_.jpg" alt="Product Image"></a><p>C&AHOME Wire Cube Storage, 9 - Cube Organizer Metal C Grids, Modular Shelves Units, Closet Organizer, Ideal for Home, Office, Living Room, 36.6”L x 12.4”W x 48.4”H, Silver Gray UWCS3009G</p><p> -33% 0FF </p><p>$28.87</p><a href="https://www.amazon.com/dp/B0D7S5GGP6?tag=eloabder-20&linkCode=osi&th=1&psc=1">View Product</a></div>
<div class="product"><a href="https://www.amazon.com/dp/B0B1M6ML2J?tag=eloabder-20&linkCode=osi&th=1&psc=1"><img src="https://m.media-amazon.com/images/I/51pX2Qo38JL._SL500_.jpg" alt="Product Image"></a><p>WOWBOX 25 PCS Clear Plastic Drawer Organizer Set, 4 Sizes Desk Drawer Divider Organizers and Storage Bins for Makeup, Jewelry, Gadgets for Kitchen, Bedroom, Bathroom, Office</p><p> -35% 0FF </p><p>$16.13 ($0.65 / Count)</p><a href="https://www.amazon.com/dp/B0B1M6ML2J?tag=eloabder-20&linkCode=osi&th=1&psc=1">View Product</a></div><div class="product"><a href="https://www.amazon.com/dp/B0DB8F7GDN?tag=eloabder-20&linkCode=osi&th=1&psc=1"><img src="https://m.media-amazon.com/images/I/51iOtKHzvCL._SL500_.jpg" alt="Product Image"></a><p>OPNICE Desk Organizer and Accessories, 2-Tier Computer Monitor Stand Riser with Drawer and 2 Pen Holders, Laptop Stand, Office Desk Accessories for Office Supplies, Black</p><p> -27% 0FF </p><p>$21.99</p><a href="https://www.amazon.com/dp/B0DB8F7GDN?tag=eloabder-20&linkCode=osi&th=1&psc=1">View Product</a></div><div class="product"><a href="https://www.amazon.com/dp/B0FQ86P4M3?tag=eloabder-20&linkCode=osi&th=1&psc=1"><img src="https://m.media-amazon.com/images/I/41ZDdyGnPxL._SL500_.jpg" alt="Product Image"></a><p>Mind Reader 2-Tier Desk Organizer with Clamp, Accessory Shelf for Office or Gaming, Office, Metal, White</p><p> -5% 0FF </p><p>$37.99</p><a href="https://www.amazon.com/dp/B0FQ86P4M3?tag=eloabder-20&linkCode=osi&th=1&psc=1">View Product</a></div><div class="product"><a href="https://www.amazon.com/dp/B0BYDGF8DT?tag=eloabder-20&linkCode=osi&th=1&psc=1"><img src="https://m.media-amazon.com/images/I/51sE2GzgVNL._SL500_.jpg" alt="Product Image"></a><p>OPNICE Desk Organizer and Accessories, 4-Tier Desktop File Organizer with Drawer and 2 Pen Holders, Office Desk Accessories, Workspace Organizers for Office Supplies(Black)</p><p> -33% 0FF </p><p>$19.99</p><a href="https://www.amazon.com/dp/B0BYDGF8DT?tag=eloabder-20&linkCode=osi&th=1&psc=1">View Product</a></div><div class="product"><a href="https://www.amazon.com/dp/B0DJKSMV2T?tag=eloabder-20&linkCode=osi&th=1&psc=1"><img src="https://m.media-amazon.com/images/I/41gO3CCIg1L._SL500_.jpg" alt="Product Image"></a><p>gianotter Dual Monitor Stand Riser, Desk Organizer With Drawer and 2 Pen Holders, Computer Monitor Stand, Shelf for Top of Desk, Black</p><p> -28% 0FF </p><p>$25.99</p><a href="https://www.amazon.com/dp/B0DJKSMV2T?tag=eloabder-20&linkCode=osi&th=1&psc=1">View Product</a></div><div class="product"><a href="https://www.amazon.com/dp/B0BWTT3WK1?tag=eloabder-20&linkCode=osi&th=1&psc=1"><img src="https://m.media-amazon.com/images/I/51JTe2SjicL._SL500_.jpg" alt="Product Image"></a><p>gianotter Desk Organizers and Accessories with File Holder, 4-Tier Desk Accessories & Workspace Organizers with Drawer and 2 Pen Holder, Paper Organizer for Office Supplies (Rose Gold)</p><p> -27% 0FF </p><p>$23.99</p><a href="https://www.amazon.com/dp/B0BWTT3WK1?tag=eloabder-20&linkCode=osi&th=1&psc=1">View Product</a></div><div class="product"><a href="https://www.amazon.com/dp/B09QKDY1YY?tag=eloabder-20&linkCode=osi&th=1&psc=1"><img src="https://m.media-amazon.com/images/I/519UVM73B6L._SL500_.jpg" alt="Product Image"></a><p>Supeasy 5 Trays Paper Organizer Letter Tray with Handle-Mesh Desk File Organizer, Paper Sorter Desk Organizer for Office, Home or School</p><p> -17% 0FF </p><p>$19.99</p><a href="https://www.amazon.com/dp/B09QKDY1YY?tag=eloabder-20&linkCode=osi&th=1&psc=1">View Product</a></div><div class="product"><a href="https://www.amazon.com/dp/B08PBFKGJG?tag=eloabder-20&linkCode=osi&th=1&psc=1"><img src="https://m.media-amazon.com/images/I/61WfW0WLsqL._SL500_.jpg" alt="Product Image"></a><p>Marbrasse 6 Tier Paper Organizer Letter Tray - Mesh Desk File Organizer with Handle, Paper Sorter Organizer for Letter/A4 Office File Folder Holder - Black</p><p> -23% 0FF </p><p>$19.98</p><a href="https://www.amazon.com/dp/B08PBFKGJG?tag=eloabder-20&linkCode=osi&th=1&psc=1">View Product</a></div><div class="product"><a href="https://www.amazon.com/dp/B09K5927B5?tag=eloabder-20&linkCode=osi&th=1&psc=1"><img src="https://m.media-amazon.com/images/I/51u5tZ4jR6L._SL500_.jpg" alt="Product Image"></a><p>Marbrasse Desk Organizer with File Holder, 5-Tier Paper Letter Tray Organizer with Drawer and 2 Pen Holder, Mesh Desktop Organizer and Storage with Magazine Holder for Office Supplies(Black)</p><p> -24% 0FF </p><p>$33.99</p><a href="https://www.amazon.com/dp/B09K5927B5?tag=eloabder-20&linkCode=osi&th=1&psc=1">View Product</a></div>
<div class="product"><a href="https://www.amazon.com/dp/B0CNXF7SVS?tag=eloabder-20&linkCode=osi&th=1&psc=1"><img src="https://m.media-amazon.com/images/I/51a6EswyTZL._SL500_.jpg" alt="Product Image"></a><p>Manalete Drawer Organizers Set of 15, 4 Sizes Clear Plastic Drawer Organizers and Storage Bins for Kitchen, Bathroom, Office, Dresser Desk Drawer Organizer Tray for Jewelry, Makeup, Junk, Gadgets</p><p> -29% 0FF </p><p>$9.99</p><a href="https://www.amazon.com/dp/B0CNXF7SVS?tag=eloabder-20&linkCode=osi&th=1&psc=1">View Product</a></div><div class="product"><a href="https://www.amazon.com/dp/B0CCY5X6SS?tag=eloabder-20&linkCode=osi&th=1&psc=1"><img src="https://m.media-amazon.com/images/I/41Iye-vPXJL._SL500_.jpg" alt="Product Image"></a><p>Bamboo Drawer Organizer Set, 5 PCS Multi-Use Individual Wood Storage Organizers, Junk Drawer Divider and Storage Trays Containers for Kitchen, Bathroom, Office Desk, Makeup, Jewelry, Utensils</p><p> -20% 0FF </p><p>$19.99 ($4.00 / Count)</p><a href="https://www.amazon.com/dp/B0CCY5X6SS?tag=eloabder-20&linkCode=osi&th=1&psc=1">View Product</a></div><div class="product"><a href="https://www.amazon.com/dp/B0CCDJQ7MM?tag=eloabder-20&linkCode=osi&th=1&psc=1"><img src="https://m.media-amazon.com/images/I/51kU0WJxdsL._SL500_.jpg" alt="Product Image"></a><p>Marbrasse Expandable Desk Drawer Organizer, Mesh Drawer Organizer Tray with 10 Adjustable Compartments, Desk Organizers and Accessories, 5 Dividers Drawer for Office Supplies, Makeup & Vanity (Black)</p><p> -15% 0FF </p><p>$17.84</p><a href="https://www.amazon.com/dp/B0CCDJQ7MM?tag=eloabder-20&linkCode=osi&th=1&psc=1">View Product</a></div><div class="product"><a href="https://www.amazon.com/dp/B0DM27MBZN?tag=eloabder-20&linkCode=osi&th=1&psc=1"><img src="https://m.media-amazon.com/images/I/41hAfSMnrZL._SL500_.jpg" alt="Product Image"></a><p>ElegantArray 12 PCS Drawer Organizer Set, 4 Sizes Storage Drawer Units, Clear Plastic Makeup Vanity Organizer and Storage Bins for Makeup, Stationeries, Multiple Gadgets for Bathroom, Office, Bedroom</p><p> -31% 0FF </p><p>$8.99</p><a href="https://www.amazon.com/dp/B0DM27MBZN?tag=eloabder-20&linkCode=osi&th=1&psc=1">View Product</a></div>

<div class="product"><a href="https://www.amazon.com/dp/B0033J6V3A?tag=eloabder-20&linkCode=osi&th=1&psc=1"><img src="https://m.media-amazon.com/images/I/21o5ASbichL._SL500_.jpg" alt="Product Image"></a><p>NuSparc 2 Drawer Locking Filing Cabinet | Pre-Assembled Steel Construction | Space-Saving Design is Perfect for Home and Small Office | Letter-Size | Assembled in North America</p><p> -14% 0FF </p><p>$76.99</p><a href="https://www.amazon.com/dp/B0033J6V3A?tag=eloabder-20&linkCode=osi&th=1&psc=1">View Product</a></div><div class="product"><a href="https://www.amazon.com/dp/B0D9XYD75W?tag=eloabder-20&linkCode=osi&th=1&psc=1"><img src="https://m.media-amazon.com/images/I/31VM3xK++PL._SL500_.jpg" alt="Product Image"></a><p>BYNSOE 2 Drawer File Cabinet with Lock Vertical Filing Storage Cabinet Office Home Steel Vertical File Cabinets for Letter Size File Cabinet Locked,Assembly Required</p><p> -8% 0FF </p><p>$54.99</p><a href="https://www.amazon.com/dp/B0D9XYD75W?tag=eloabder-20&linkCode=osi&th=1&psc=1">View Product</a></div><div class="product"><a href="https://www.amazon.com/dp/B0989HLF81?tag=eloabder-20&linkCode=osi&th=1&psc=1"><img src="https://m.media-amazon.com/images/I/51vzgnkbcjL._SL500_.jpg" alt="Product Image"></a><p>DEVAISE 3 Drawer Mobile File Cabinet, Wood Lateral Filing Cabinet, Printer Stand with Open Shelves for Home Office, Rustic Brown</p><p> -21% 0FF </p><p>$74.99</p><a href="https://www.amazon.com/dp/B0989HLF81?tag=eloabder-20&linkCode=osi&th=1&psc=1">View Product</a></div>
<div class="product"><a href="https://www.amazon.com/dp/B00006RSQD?tag=eloabder-20&linkCode=osi&th=1&psc=1"><img src="https://m.media-amazon.com/images/I/315rez3KpeL._SL500_.jpg" alt="Product Image"></a><p>Bush Business Furniture Series C 36W Tall 5 Shelf Bookcase in Hansen Cherry, Large Storage and Display Bookshelf for Home or Professional Office</p><p> -8% 0FF </p><p>$239.49</p><a href="https://www.amazon.com/dp/B00006RSQD?tag=eloabder-20&linkCode=osi&th=1&psc=1">View Product</a></div>
<div class="product"><a href="https://www.amazon.com/dp/B09F6JPYSY?tag=eloabder-20&linkCode=osi&th=1&psc=1"><img src="https://m.media-amazon.com/images/I/51fGLH7lhHL._SL500_.jpg" alt="Product Image"></a><p>SPACELEAD Slim Storage Cart 3 Tier,Bathroom Organizer Rolling Utility,Mobile Shelving Unit Slide Out for Office, Kitchen, Laundry Room & Narrow Places,Black</p><p> -30% 0FF </p><p>$20.99</p><a href="https://www.amazon.com/dp/B09F6JPYSY?tag=eloabder-20&linkCode=osi&th=1&psc=1">View Product</a></div><div class="product"><a href="https://www.amazon.com/dp/B08KFTVGQY?tag=eloabder-20&linkCode=osi&th=1&psc=1"><img src="https://m.media-amazon.com/images/I/51BjUEmGaiL._SL500_.jpg" alt="Product Image"></a><p>SONGMICS Cube Storage Organizer, Set of 16 Plastic Cubes, Closet Organizers and Storage, Room Organization, Bedroom Living Room, 12.2 x 48.4 x 48.4 Inches, Rustic Brown ULPC442A01</p><p> -15% 0FF </p><p>$46.99</p><a href="https://www.amazon.com/dp/B08KFTVGQY?tag=eloabder-20&linkCode=osi&th=1&psc=1">View Product</a></div><div class="product"><a href="https://www.amazon.com/dp/B0DG359YX5?tag=eloabder-20&linkCode=osi&th=1&psc=1"><img src="https://m.media-amazon.com/images/I/41OBXL4HJdL._SL500_.jpg" alt="Product Image"></a><p>VIVO Clamp-on 13 inch Above or Below Desk 2-Tier Shelving Unit for Table Accessories, Gaming Devices, and More, Storage Tray, Desktop Organizer, Rustic Vintage Brown, STAND-SHELF2C-N</p><p> -20% 0FF </p><p>$39.99</p><a href="https://www.amazon.com/dp/B0DG359YX5?tag=eloabder-20&linkCode=osi&th=1&psc=1">View Product</a></div><div class="product"><a href="https://www.amazon.com/dp/B0D7S5GGP6?tag=eloabder-20&linkCode=osi&th=1&psc=1"><img src="https://m.media-amazon.com/images/I/51EriWG2BLL._SL500_.jpg" alt="Product Image"></a><p>C&AHOME Wire Cube Storage, 9 - Cube Organizer Metal C Grids, Modular Shelves Units, Closet Organizer, Ideal for Home, Office, Living Room, 36.6”L x 12.4”W x 48.4”H, Silver Gray UWCS3009G</p><p> -33% 0FF </p><p>$28.87</p><a href="https://www.amazon.com/dp/B0D7S5GGP6?tag=eloabder-20&linkCode=osi&th=1&psc=1">View Product</a></div>
<div class="product"><a href="https://www.amazon.com/dp/B0B1M6ML2J?tag=eloabder-20&linkCode=osi&th=1&psc=1"><img src="https://m.media-amazon.com/images/I/51pX2Qo38JL._SL500_.jpg" alt="Product Image"></a><p>WOWBOX 25 PCS Clear Plastic Drawer Organizer Set, 4 Sizes Desk Drawer Divider Organizers and Storage Bins for Makeup, Jewelry, Gadgets for Kitchen, Bedroom, Bathroom, Office</p><p> -35% 0FF </p><p>$16.13 ($0.65 / Count)</p><a href="https://www.amazon.com/dp/B0B1M6ML2J?tag=eloabder-20&linkCode=osi&th=1&psc=1">View Product</a></div><div class="product"><a href="https://www.amazon.com/dp/B0DB8F7GDN?tag=eloabder-20&linkCode=osi&th=1&psc=1"><img src="https://m.media-amazon.com/images/I/51iOtKHzvCL._SL500_.jpg" alt="Product Image"></a><p>OPNICE Desk Organizer and Accessories, 2-Tier Computer Monitor Stand Riser with Drawer and 2 Pen Holders, Laptop Stand, Office Desk Accessories for Office Supplies, Black</p><p> -27% 0FF </p><p>$21.99</p><a href="https://www.amazon.com/dp/B0DB8F7GDN?tag=eloabder-20&linkCode=osi&th=1&psc=1">View Product</a></div><div class="product"><a href="https://www.amazon.com/dp/B0FQ86P4M3?tag=eloabder-20&linkCode=osi&th=1&psc=1"><img src="https://m.media-amazon.com/images/I/41ZDdyGnPxL._SL500_.jpg" alt="Product Image"></a><p>Mind Reader 2-Tier Desk Organizer with Clamp, Accessory Shelf for Office or Gaming, Office, Metal, White</p><p> -5% 0FF </p><p>$37.99</p><a href="https://www.amazon.com/dp/B0FQ86P4M3?tag=eloabder-20&linkCode=osi&th=1&psc=1">View Product</a></div><div class="product"><a href="https://www.amazon.com/dp/B0BYDGF8DT?tag=eloabder-20&linkCode=osi&th=1&psc=1"><img src="https://m.media-amazon.com/images/I/51sE2GzgVNL._SL500_.jpg" alt="Product Image"></a><p>OPNICE Desk Organizer and Accessories, 4-Tier Desktop File Organizer with Drawer and 2 Pen Holders, Office Desk Accessories, Workspace Organizers for Office Supplies(Black)</p><p> -33% 0FF </p><p>$19.99</p><a href="https://www.amazon.com/dp/B0BYDGF8DT?tag=eloabder-20&linkCode=osi&th=1&psc=1">View Product</a></div><div class="product"><a href="https://www.amazon.com/dp/B0DJKSMV2T?tag=eloabder-20&linkCode=osi&th=1&psc=1"><img src="https://m.media-amazon.com/images/I/41gO3CCIg1L._SL500_.jpg" alt="Product Image"></a><p>gianotter Dual Monitor Stand Riser, Desk Organizer With Drawer and 2 Pen Holders, Computer Monitor Stand, Shelf for Top of Desk, Black</p><p> -28% 0FF </p><p>$25.99</p><a href="https://www.amazon.com/dp/B0DJKSMV2T?tag=eloabder-20&linkCode=osi&th=1&psc=1">View Product</a></div><div class="product"><a href="https://www.amazon.com/dp/B0BWTT3WK1?tag=eloabder-20&linkCode=osi&th=1&psc=1"><img src="https://m.media-amazon.com/images/I/51JTe2SjicL._SL500_.jpg" alt="Product Image"></a><p>gianotter Desk Organizers and Accessories with File Holder, 4-Tier Desk Accessories & Workspace Organizers with Drawer and 2 Pen Holder, Paper Organizer for Office Supplies (Rose Gold)</p><p> -27% 0FF </p><p>$23.99</p><a href="https://www.amazon.com/dp/B0BWTT3WK1?tag=eloabder-20&linkCode=osi&th=1&psc=1">View Product</a></div><div class="product"><a href="https://www.amazon.com/dp/B09QKDY1YY?tag=eloabder-20&linkCode=osi&th=1&psc=1"><img src="https://m.media-amazon.com/images/I/519UVM73B6L._SL500_.jpg" alt="Product Image"></a><p>Supeasy 5 Trays Paper Organizer Letter Tray with Handle-Mesh Desk File Organizer, Paper Sorter Desk Organizer for Office, Home or School</p><p> -17% 0FF </p><p>$19.99</p><a href="https://www.amazon.com/dp/B09QKDY1YY?tag=eloabder-20&linkCode=osi&th=1&psc=1">View Product</a></div><div class="product"><a href="https://www.amazon.com/dp/B08PBFKGJG?tag=eloabder-20&linkCode=osi&th=1&psc=1"><img src="https://m.media-amazon.com/images/I/61WfW0WLsqL._SL500_.jpg" alt="Product Image"></a><p>Marbrasse 6 Tier Paper Organizer Letter Tray - Mesh Desk File Organizer with Handle, Paper Sorter Organizer for Letter/A4 Office File Folder Holder - Black</p><p> -23% 0FF </p><p>$19.98</p><a href="https://www.amazon.com/dp/B08PBFKGJG?tag=eloabder-20&linkCode=osi&th=1&psc=1">View Product</a></div><div class="product"><a href="https://www.amazon.com/dp/B09K5927B5?tag=eloabder-20&linkCode=osi&th=1&psc=1"><img src="https://m.media-amazon.com/images/I/51u5tZ4jR6L._SL500_.jpg" alt="Product Image"></a><p>Marbrasse Desk Organizer with File Holder, 5-Tier Paper Letter Tray Organizer with Drawer and 2 Pen Holder, Mesh Desktop Organizer and Storage with Magazine Holder for Office Supplies(Black)</p><p> -24% 0FF </p><p>$33.99</p><a href="https://www.amazon.com/dp/B09K5927B5?tag=eloabder-20&linkCode=osi&th=1&psc=1">View Product</a></div>
<div class="product"><a href="https://www.amazon.com/dp/B0CNXF7SVS?tag=eloabder-20&linkCode=osi&th=1&psc=1"><img src="https://m.media-amazon.com/images/I/51a6EswyTZL._SL500_.jpg" alt="Product Image"></a><p>Manalete Drawer Organizers Set of 15, 4 Sizes Clear Plastic Drawer Organizers and Storage Bins for Kitchen, Bathroom, Office, Dresser Desk Drawer Organizer Tray for Jewelry, Makeup, Junk, Gadgets</p><p> -29% 0FF </p><p>$9.99</p><a href="https://www.amazon.com/dp/B0CNXF7SVS?tag=eloabder-20&linkCode=osi&th=1&psc=1">View Product</a></div><div class="product"><a href="https://www.amazon.com/dp/B0CCY5X6SS?tag=eloabder-20&linkCode=osi&th=1&psc=1"><img src="https://m.media-amazon.com/images/I/41Iye-vPXJL._SL500_.jpg" alt="Product Image"></a><p>Bamboo Drawer Organizer Set, 5 PCS Multi-Use Individual Wood Storage Organizers, Junk Drawer Divider and Storage Trays Containers for Kitchen, Bathroom, Office Desk, Makeup, Jewelry, Utensils</p><p> -20% 0FF </p><p>$19.99 ($4.00 / Count)</p><a href="https://www.amazon.com/dp/B0CCY5X6SS?tag=eloabder-20&linkCode=osi&th=1&psc=1">View Product</a></div><div class="product"><a href="https://www.amazon.com/dp/B0CCDJQ7MM?tag=eloabder-20&linkCode=osi&th=1&psc=1"><img src="https://m.media-amazon.com/images/I/51kU0WJxdsL._SL500_.jpg" alt="Product Image"></a><p>Marbrasse Expandable Desk Drawer Organizer, Mesh Drawer Organizer Tray with 10 Adjustable Compartments, Desk Organizers and Accessories, 5 Dividers Drawer for Office Supplies, Makeup & Vanity (Black)</p><p> -15% 0FF </p><p>$17.84</p><a href="https://www.amazon.com/dp/B0CCDJQ7MM?tag=eloabder-20&linkCode=osi&th=1&psc=1">View Product</a></div><div class="product"><a href="https://www.amazon.com/dp/B0DM27MBZN?tag=eloabder-20&linkCode=osi&th=1&psc=1"><img src="https://m.media-amazon.com/images/I/41hAfSMnrZL._SL500_.jpg" alt="Product Image"></a><p>ElegantArray 12 PCS Drawer Organizer Set, 4 Sizes Storage Drawer Units, Clear Plastic Makeup Vanity Organizer and Storage Bins for Makeup, Stationeries, Multiple Gadgets for Bathroom, Office, Bedroom</p><p> -31% 0FF </p><p>$8.99</p><a href="https://www.amazon.com/dp/B0DM27MBZN?tag=eloabder-20&linkCode=osi&th=1&psc=1">View Product</a></div>
<div class="product"><a href="https://www.amazon.com/dp/B0C4T42TPC?tag=eloabder-20&linkCode=osi&th=1&psc=1"><img src="https://m.media-amazon.com/images/I/318IsyAsPXL._SL500_.jpg" alt="Product Image"></a><p>Adjustable Mobile CPU Stand, Ventilated Computer Tower Stand with 4 Caster Wheels Fits Most PC Tower, Under Desk CPU Holder PC Floor Cart Computer Riser for Gamers and Students (Black)</p><p> -21% 0FF </p><p>$14.21</p><a href="https://www.amazon.com/dp/B0C4T42TPC?tag=eloabder-20&linkCode=osi&th=1&psc=1">View Product</a></div><div class="product"><a href="https://www.amazon.com/dp/B094QTGHNZ?tag=eloabder-20&linkCode=osi&th=1&psc=1"><img src="https://m.media-amazon.com/images/I/31VzBQ+jwWL._SL500_.jpg" alt="Product Image"></a><p>WALI Computer Monitor Stand for Desk, Adjustable Laptop Riser, Desk Monitor Stand Underneath Storage for Office, Home, School Supplies (STT003), 1 Pack, Black</p><p> -32% 0FF </p><p>$16.99</p><a href="https://www.amazon.com/dp/B094QTGHNZ?tag=eloabder-20&linkCode=osi&th=1&psc=1">View Product</a></div><div class="product"><a href="https://www.amazon.com/dp/B07H4DMLVH?tag=eloabder-20&linkCode=osi&th=1&psc=1"><img src="https://m.media-amazon.com/images/I/31eTfKhpSWL._SL500_.jpg" alt="Product Image"></a><p>HUANUO Monitor Stand, Monitor Stand Riser 3 Height Adjustable, Monitor Riser with Airflow Vents, Laptop Stand for Desk, Laptop Riser, Desk Organizer for Monitor, 15.6" Laptop, PC, Printer</p><p> -11% 0FF </p><p>$15.19</p><a href="https://www.amazon.com/dp/B07H4DMLVH?tag=eloabder-20&linkCode=osi&th=1&psc=1">View Product</a></div><div class="product"><a href="https://www.amazon.com/dp/B0D69W6H91?tag=eloabder-20&linkCode=osi&th=1&psc=1"><img src="https://m.media-amazon.com/images/I/51rQI+gi3lL._SL500_.jpg" alt="Product Image"></a><p>JANE EYRE Computer Tower Stand - Adjustable PC Tower Stand CPU Holder Cart with Charging Station for Office Home Classroom,23.03"-28.3" H, black</p><p> -10% 0FF </p><p>$53.99</p><a href="https://www.amazon.com/dp/B0D69W6H91?tag=eloabder-20&linkCode=osi&th=1&psc=1">View Product</a></div><div class="product"><a href="https://www.amazon.com/dp/B0C4T34L9Y?tag=eloabder-20&linkCode=osi&th=1&psc=1"><img src="https://m.media-amazon.com/images/I/51BNMGXNOEL._SL500_.jpg" alt="Product Image"></a><p>BONTEC Wooden Monitor Stand Riser, 2-Tier Desk Shelf with Storage Organizer, Ergonomic Computer Stand with Cable Management, Cellphone Holder, White, 16.5 Inch</p><p> -33% 0FF </p><p>$18.04</p><a href="https://www.amazon.com/dp/B0C4T34L9Y?tag=eloabder-20&linkCode=osi&th=1&psc=1">View Product</a></div><div class="product"><a href="https://www.amazon.com/dp/B08BRCT4JH?tag=eloabder-20&linkCode=osi&th=1&psc=1"><img src="https://m.media-amazon.com/images/I/41Ga6A+cXbL._SL500_.jpg" alt="Product Image"></a><p>BESIGN LS03 Aluminum Laptop Stand, Ergonomic Detachable Computer Stand, Notebook Riser Compatible with Air, Pro, Dell, HP, Lenovo More 10-15.6" Laptops, Silver</p><p> -25% 0FF </p><p>$14.98</p><a href="https://www.amazon.com/dp/B08BRCT4JH?tag=eloabder-20&linkCode=osi&th=1&psc=1">View Product</a></div>

<div class="product"><a href="https://www.amazon.com/dp/B0033J6V3A?tag=eloabder-20&linkCode=osi&th=1&psc=1"><img src="https://m.media-amazon.com/images/I/21o5ASbichL._SL500_.jpg" alt="Product Image"></a><p>NuSparc 2 Drawer Locking Filing Cabinet | Pre-Assembled Steel Construction | Space-Saving Design is Perfect for Home and Small Office | Letter-Size | Assembled in North America</p><p> -14% 0FF </p><p>$76.99</p><a href="https://www.amazon.com/dp/B0033J6V3A?tag=eloabder-20&linkCode=osi&th=1&psc=1">View Product</a></div><div class="product"><a href="https://www.amazon.com/dp/B0D9XYD75W?tag=eloabder-20&linkCode=osi&th=1&psc=1"><img src="https://m.media-amazon.com/images/I/31VM3xK++PL._SL500_.jpg" alt="Product Image"></a><p>BYNSOE 2 Drawer File Cabinet with Lock Vertical Filing Storage Cabinet Office Home Steel Vertical File Cabinets for Letter Size File Cabinet Locked,Assembly Required</p><p> -8% 0FF </p><p>$54.99</p><a href="https://www.amazon.com/dp/B0D9XYD75W?tag=eloabder-20&linkCode=osi&th=1&psc=1">View Product</a></div><div class="product"><a href="https://www.amazon.com/dp/B0989HLF81?tag=eloabder-20&linkCode=osi&th=1&psc=1"><img src="https://m.media-amazon.com/images/I/51vzgnkbcjL._SL500_.jpg" alt="Product Image"></a><p>DEVAISE 3 Drawer Mobile File Cabinet, Wood Lateral Filing Cabinet, Printer Stand with Open Shelves for Home Office, Rustic Brown</p><p> -21% 0FF </p><p>$74.99</p><a href="https://www.amazon.com/dp/B0989HLF81?tag=eloabder-20&linkCode=osi&th=1&psc=1">View Product</a></div>
<div class="product"><a href="https://www.amazon.com/dp/B00006RSQD?tag=eloabder-20&linkCode=osi&th=1&psc=1"><img src="https://m.media-amazon.com/images/I/315rez3KpeL._SL500_.jpg" alt="Product Image"></a><p>Bush Business Furniture Series C 36W Tall 5 Shelf Bookcase in Hansen Cherry, Large Storage and Display Bookshelf for Home or Professional Office</p><p> -8% 0FF </p><p>$239.49</p><a href="https://www.amazon.com/dp/B00006RSQD?tag=eloabder-20&linkCode=osi&th=1&psc=1">View Product</a></div>
<div class="product"><a href="https://www.amazon.com/dp/B09F6JPYSY?tag=eloabder-20&linkCode=osi&th=1&psc=1"><img src="https://m.media-amazon.com/images/I/51fGLH7lhHL._SL500_.jpg" alt="Product Image"></a><p>SPACELEAD Slim Storage Cart 3 Tier,Bathroom Organizer Rolling Utility,Mobile Shelving Unit Slide Out for Office, Kitchen, Laundry Room & Narrow Places,Black</p><p> -30% 0FF </p><p>$20.99</p><a href="https://www.amazon.com/dp/B09F6JPYSY?tag=eloabder-20&linkCode=osi&th=1&psc=1">View Product</a></div><div class="product"><a href="https://www.amazon.com/dp/B08KFTVGQY?tag=eloabder-20&linkCode=osi&th=1&psc=1"><img src="https://m.media-amazon.com/images/I/51BjUEmGaiL._SL500_.jpg" alt="Product Image"></a><p>SONGMICS Cube Storage Organizer, Set of 16 Plastic Cubes, Closet Organizers and Storage, Room Organization, Bedroom Living Room, 12.2 x 48.4 x 48.4 Inches, Rustic Brown ULPC442A01</p><p> -15% 0FF </p><p>$46.99</p><a href="https://www.amazon.com/dp/B08KFTVGQY?tag=eloabder-20&linkCode=osi&th=1&psc=1">View Product</a></div><div class="product"><a href="https://www.amazon.com/dp/B0DG359YX5?tag=eloabder-20&linkCode=osi&th=1&psc=1"><img src="https://m.media-amazon.com/images/I/41OBXL4HJdL._SL500_.jpg" alt="Product Image"></a><p>VIVO Clamp-on 13 inch Above or Below Desk 2-Tier Shelving Unit for Table Accessories, Gaming Devices, and More, Storage Tray, Desktop Organizer, Rustic Vintage Brown, STAND-SHELF2C-N</p><p> -20% 0FF </p><p>$39.99</p><a href="https://www.amazon.com/dp/B0DG359YX5?tag=eloabder-20&linkCode=osi&th=1&psc=1">View Product</a></div><div class="product"><a href="https://www.amazon.com/dp/B0D7S5GGP6?tag=eloabder-20&linkCode=osi&th=1&psc=1"><img src="https://m.media-amazon.com/images/I/51EriWG2BLL._SL500_.jpg" alt="Product Image"></a><p>C&AHOME Wire Cube Storage, 9 - Cube Organizer Metal C Grids, Modular Shelves Units, Closet Organizer, Ideal for Home, Office, Living Room, 36.6”L x 12.4”W x 48.4”H, Silver Gray UWCS3009G</p><p> -33% 0FF </p><p>$28.87</p><a href="https://www.amazon.com/dp/B0D7S5GGP6?tag=eloabder-20&linkCode=osi&th=1&psc=1">View Product</a></div>
<div class="product"><a href="https://www.amazon.com/dp/B0B1M6ML2J?tag=eloabder-20&linkCode=osi&th=1&psc=1"><img src="https://m.media-amazon.com/images/I/51pX2Qo38JL._SL500_.jpg" alt="Product Image"></a><p>WOWBOX 25 PCS Clear Plastic Drawer Organizer Set, 4 Sizes Desk Drawer Divider Organizers and Storage Bins for Makeup, Jewelry, Gadgets for Kitchen, Bedroom, Bathroom, Office</p><p> -35% 0FF </p><p>$16.13 ($0.65 / Count)</p><a href="https://www.amazon.com/dp/B0B1M6ML2J?tag=eloabder-20&linkCode=osi&th=1&psc=1">View Product</a></div><div class="product"><a href="https://www.amazon.com/dp/B0DB8F7GDN?tag=eloabder-20&linkCode=osi&th=1&psc=1"><img src="https://m.media-amazon.com/images/I/51iOtKHzvCL._SL500_.jpg" alt="Product Image"></a><p>OPNICE Desk Organizer and Accessories, 2-Tier Computer Monitor Stand Riser with Drawer and 2 Pen Holders, Laptop Stand, Office Desk Accessories for Office Supplies, Black</p><p> -27% 0FF </p><p>$21.99</p><a href="https://www.amazon.com/dp/B0DB8F7GDN?tag=eloabder-20&linkCode=osi&th=1&psc=1">View Product</a></div><div class="product"><a href="https://www.amazon.com/dp/B0FQ86P4M3?tag=eloabder-20&linkCode=osi&th=1&psc=1"><img src="https://m.media-amazon.com/images/I/41ZDdyGnPxL._SL500_.jpg" alt="Product Image"></a><p>Mind Reader 2-Tier Desk Organizer with Clamp, Accessory Shelf for Office or Gaming, Office, Metal, White</p><p> -5% 0FF </p><p>$37.99</p><a href="https://www.amazon.com/dp/B0FQ86P4M3?tag=eloabder-20&linkCode=osi&th=1&psc=1">View Product</a></div><div class="product"><a href="https://www.amazon.com/dp/B0BYDGF8DT?tag=eloabder-20&linkCode=osi&th=1&psc=1"><img src="https://m.media-amazon.com/images/I/51sE2GzgVNL._SL500_.jpg" alt="Product Image"></a><p>OPNICE Desk Organizer and Accessories, 4-Tier Desktop File Organizer with Drawer and 2 Pen Holders, Office Desk Accessories, Workspace Organizers for Office Supplies(Black)</p><p> -33% 0FF </p><p>$19.99</p><a href="https://www.amazon.com/dp/B0BYDGF8DT?tag=eloabder-20&linkCode=osi&th=1&psc=1">View Product</a></div><div class="product"><a href="https://www.amazon.com/dp/B0DJKSMV2T?tag=eloabder-20&linkCode=osi&th=1&psc=1"><img src="https://m.media-amazon.com/images/I/41gO3CCIg1L._SL500_.jpg" alt="Product Image"></a><p>gianotter Dual Monitor Stand Riser, Desk Organizer With Drawer and 2 Pen Holders, Computer Monitor Stand, Shelf for Top of Desk, Black</p><p> -28% 0FF </p><p>$25.99</p><a href="https://www.amazon.com/dp/B0DJKSMV2T?tag=eloabder-20&linkCode=osi&th=1&psc=1">View Product</a></div><div class="product"><a href="https://www.amazon.com/dp/B0BWTT3WK1?tag=eloabder-20&linkCode=osi&th=1&psc=1"><img src="https://m.media-amazon.com/images/I/51JTe2SjicL._SL500_.jpg" alt="Product Image"></a><p>gianotter Desk Organizers and Accessories with File Holder, 4-Tier Desk Accessories & Workspace Organizers with Drawer and 2 Pen Holder, Paper Organizer for Office Supplies (Rose Gold)</p><p> -27% 0FF </p><p>$23.99</p><a href="https://www.amazon.com/dp/B0BWTT3WK1?tag=eloabder-20&linkCode=osi&th=1&psc=1">View Product</a></div><div class="product"><a href="https://www.amazon.com/dp/B09QKDY1YY?tag=eloabder-20&linkCode=osi&th=1&psc=1"><img src="https://m.media-amazon.com/images/I/519UVM73B6L._SL500_.jpg" alt="Product Image"></a><p>Supeasy 5 Trays Paper Organizer Letter Tray with Handle-Mesh Desk File Organizer, Paper Sorter Desk Organizer for Office, Home or School</p><p> -17% 0FF </p><p>$19.99</p><a href="https://www.amazon.com/dp/B09QKDY1YY?tag=eloabder-20&linkCode=osi&th=1&psc=1">View Product</a></div><div class="product"><a href="https://www.amazon.com/dp/B08PBFKGJG?tag=eloabder-20&linkCode=osi&th=1&psc=1"><img src="https://m.media-amazon.com/images/I/61WfW0WLsqL._SL500_.jpg" alt="Product Image"></a><p>Marbrasse 6 Tier Paper Organizer Letter Tray - Mesh Desk File Organizer with Handle, Paper Sorter Organizer for Letter/A4 Office File Folder Holder - Black</p><p> -23% 0FF </p><p>$19.98</p><a href="https://www.amazon.com/dp/B08PBFKGJG?tag=eloabder-20&linkCode=osi&th=1&psc=1">View Product</a></div><div class="product"><a href="https://www.amazon.com/dp/B09K5927B5?tag=eloabder-20&linkCode=osi&th=1&psc=1"><img src="https://m.media-amazon.com/images/I/51u5tZ4jR6L._SL500_.jpg" alt="Product Image"></a><p>Marbrasse Desk Organizer with File Holder, 5-Tier Paper Letter Tray Organizer with Drawer and 2 Pen Holder, Mesh Desktop Organizer and Storage with Magazine Holder for Office Supplies(Black)</p><p> -24% 0FF </p><p>$33.99</p><a href="https://www.amazon.com/dp/B09K5927B5?tag=eloabder-20&linkCode=osi&th=1&psc=1">View Product</a></div>
<div class="product"><a href="https://www.amazon.com/dp/B0CNXF7SVS?tag=eloabder-20&linkCode=osi&th=1&psc=1"><img src="https://m.media-amazon.com/images/I/51a6EswyTZL._SL500_.jpg" alt="Product Image"></a><p>Manalete Drawer Organizers Set of 15, 4 Sizes Clear Plastic Drawer Organizers and Storage Bins for Kitchen, Bathroom, Office, Dresser Desk Drawer Organizer Tray for Jewelry, Makeup, Junk, Gadgets</p><p> -29% 0FF </p><p>$9.99</p><a href="https://www.amazon.com/dp/B0CNXF7SVS?tag=eloabder-20&linkCode=osi&th=1&psc=1">View Product</a></div><div class="product"><a href="https://www.amazon.com/dp/B0CCY5X6SS?tag=eloabder-20&linkCode=osi&th=1&psc=1"><img src="https://m.media-amazon.com/images/I/41Iye-vPXJL._SL500_.jpg" alt="Product Image"></a><p>Bamboo Drawer Organizer Set, 5 PCS Multi-Use Individual Wood Storage Organizers, Junk Drawer Divider and Storage Trays Containers for Kitchen, Bathroom, Office Desk, Makeup, Jewelry, Utensils</p><p> -20% 0FF </p><p>$19.99 ($4.00 / Count)</p><a href="https://www.amazon.com/dp/B0CCY5X6SS?tag=eloabder-20&linkCode=osi&th=1&psc=1">View Product</a></div><div class="product"><a href="https://www.amazon.com/dp/B0CCDJQ7MM?tag=eloabder-20&linkCode=osi&th=1&psc=1"><img src="https://m.media-amazon.com/images/I/51kU0WJxdsL._SL500_.jpg" alt="Product Image"></a><p>Marbrasse Expandable Desk Drawer Organizer, Mesh Drawer Organizer Tray with 10 Adjustable Compartments, Desk Organizers and Accessories, 5 Dividers Drawer for Office Supplies, Makeup & Vanity (Black)</p><p> -15% 0FF </p><p>$17.84</p><a href="https://www.amazon.com/dp/B0CCDJQ7MM?tag=eloabder-20&linkCode=osi&th=1&psc=1">View Product</a></div><div class="product"><a href="https://www.amazon.com/dp/B0DM27MBZN?tag=eloabder-20&linkCode=osi&th=1&psc=1"><img src="https://m.media-amazon.com/images/I/41hAfSMnrZL._SL500_.jpg" alt="Product Image"></a><p>ElegantArray 12 PCS Drawer Organizer Set, 4 Sizes Storage Drawer Units, Clear Plastic Makeup Vanity Organizer and Storage Bins for Makeup, Stationeries, Multiple Gadgets for Bathroom, Office, Bedroom</p><p> -31% 0FF </p><p>$8.99</p><a href="https://www.amazon.com/dp/B0DM27MBZN?tag=eloabder-20&linkCode=osi&th=1&psc=1">View Product</a></div>
<div class="product"><a href="https://www.amazon.com/dp/B0C4T42TPC?tag=eloabder-20&linkCode=osi&th=1&psc=1"><img src="https://m.media-amazon.com/images/I/318IsyAsPXL._SL500_.jpg" alt="Product Image"></a><p>Adjustable Mobile CPU Stand, Ventilated Computer Tower Stand with 4 Caster Wheels Fits Most PC Tower, Under Desk CPU Holder PC Floor Cart Computer Riser for Gamers and Students (Black)</p><p> -21% 0FF </p><p>$14.21</p><a href="https://www.amazon.com/dp/B0C4T42TPC?tag=eloabder-20&linkCode=osi&th=1&psc=1">View Product</a></div><div class="product"><a href="https://www.amazon.com/dp/B094QTGHNZ?tag=eloabder-20&linkCode=osi&th=1&psc=1"><img src="https://m.media-amazon.com/images/I/31VzBQ+jwWL._SL500_.jpg" alt="Product Image"></a><p>WALI Computer Monitor Stand for Desk, Adjustable Laptop Riser, Desk Monitor Stand Underneath Storage for Office, Home, School Supplies (STT003), 1 Pack, Black</p><p> -32% 0FF </p><p>$16.99</p><a href="https://www.amazon.com/dp/B094QTGHNZ?tag=eloabder-20&linkCode=osi&th=1&psc=1">View Product</a></div><div class="product"><a href="https://www.amazon.com/dp/B07H4DMLVH?tag=eloabder-20&linkCode=osi&th=1&psc=1"><img src="https://m.media-amazon.com/images/I/31eTfKhpSWL._SL500_.jpg" alt="Product Image"></a><p>HUANUO Monitor Stand, Monitor Stand Riser 3 Height Adjustable, Monitor Riser with Airflow Vents, Laptop Stand for Desk, Laptop Riser, Desk Organizer for Monitor, 15.6" Laptop, PC, Printer</p><p> -11% 0FF </p><p>$15.19</p><a href="https://www.amazon.com/dp/B07H4DMLVH?tag=eloabder-20&linkCode=osi&th=1&psc=1">View Product</a></div><div class="product"><a href="https://www.amazon.com/dp/B0D69W6H91?tag=eloabder-20&linkCode=osi&th=1&psc=1"><img src="https://m.media-amazon.com/images/I/51rQI+gi3lL._SL500_.jpg" alt="Product Image"></a><p>JANE EYRE Computer Tower Stand - Adjustable PC Tower Stand CPU Holder Cart with Charging Station for Office Home Classroom,23.03"-28.3" H, black</p><p> -10% 0FF </p><p>$53.99</p><a href="https://www.amazon.com/dp/B0D69W6H91?tag=eloabder-20&linkCode=osi&th=1&psc=1">View Product</a></div><div class="product"><a href="https://www.amazon.com/dp/B0C4T34L9Y?tag=eloabder-20&linkCode=osi&th=1&psc=1"><img src="https://m.media-amazon.com/images/I/51BNMGXNOEL._SL500_.jpg" alt="Product Image"></a><p>BONTEC Wooden Monitor Stand Riser, 2-Tier Desk Shelf with Storage Organizer, Ergonomic Computer Stand with Cable Management, Cellphone Holder, White, 16.5 Inch</p><p> -33% 0FF </p><p>$18.04</p><a href="https://www.amazon.com/dp/B0C4T34L9Y?tag=eloabder-20&linkCode=osi&th=1&psc=1">View Product</a></div><div class="product"><a href="https://www.amazon.com/dp/B08BRCT4JH?tag=eloabder-20&linkCode=osi&th=1&psc=1"><img src="https://m.media-amazon.com/images/I/41Ga6A+cXbL._SL500_.jpg" alt="Product Image"></a><p>BESIGN LS03 Aluminum Laptop Stand, Ergonomic Detachable Computer Stand, Notebook Riser Compatible with Air, Pro, Dell, HP, Lenovo More 10-15.6" Laptops, Silver</p><p> -25% 0FF </p><p>$14.98</p><a href="https://www.amazon.com/dp/B08BRCT4JH?tag=eloabder-20&linkCode=osi&th=1&psc=1">View Product</a></div>
<div class="product"><a href="https://www.amazon.com/dp/B07Q79ZZJ6?tag=eloabder-20&linkCode=osi&th=1&psc=1"><img src="https://m.media-amazon.com/images/I/31-LBzENQIL._SL500_.jpg" alt="Product Image"></a><p>Single LCD Computer Monitor Free-Standing Desk Stand Mount Riser for 13 inch to 32 inch screen with Swivel, Height Adjustable, Rotation, Vesa Base Stand Holds One (1) Screen up to 77Lbs(HT05B-001))</p><p> -34% 0FF </p><p>$21.99</p><a href="https://www.amazon.com/dp/B07Q79ZZJ6?tag=eloabder-20&linkCode=osi&th=1&psc=1">View Product</a></div><div class="product"><a href="https://www.amazon.com/dp/B082845XM8?tag=eloabder-20&linkCode=osi&th=1&psc=1"><img src="https://m.media-amazon.com/images/I/41uRH1B7HgL._SL500_.jpg" alt="Product Image"></a><p>Dual Monitor Stand - Vertical Stack Screen Free-Standing Monitor Riser Fits Two 13 to 34 Inch Screen with Swivel, Tilt, Height Adjustable, Holds One (1) Screen Up to 44Lbs</p><p> -5% 0FF </p><p>$31.56</p><a href="https://www.amazon.com/dp/B082845XM8?tag=eloabder-20&linkCode=osi&th=1&psc=1">View Product</a></div><div class="product"><a href="https://www.amazon.com/dp/B00X4SCCFG?tag=eloabder-20&linkCode=osi&th=1&psc=1"><img src="https://m.media-amazon.com/images/I/21X2klzUZGL._SL500_.jpg" alt="Product Image"></a><p>Amazon Basics Height Adjustable Rectangular Computer Monitor Riser Desk Stand with Storage for Reduced Neck Strain - Fits Monitors, Laptops Up to 22lbs, Black</p><p> -35% 0FF </p><p>$14.06</p><a href="https://www.amazon.com/dp/B00X4SCCFG?tag=eloabder-20&linkCode=osi&th=1&psc=1">View Product</a></div>

<div class="product"><a href="https://www.amazon.com/dp/B0033J6V3A?tag=eloabder-20&linkCode=osi&th=1&psc=1"><img src="https://m.media-amazon.com/images/I/21o5ASbichL._SL500_.jpg" alt="Product Image"></a><p>NuSparc 2 Drawer Locking Filing Cabinet | Pre-Assembled Steel Construction | Space-Saving Design is Perfect for Home and Small Office | Letter-Size | Assembled in North America</p><p> -14% 0FF </p><p>$76.99</p><a href="https://www.amazon.com/dp/B0033J6V3A?tag=eloabder-20&linkCode=osi&th=1&psc=1">View Product</a></div><div class="product"><a href="https://www.amazon.com/dp/B0D9XYD75W?tag=eloabder-20&linkCode=osi&th=1&psc=1"><img src="https://m.media-amazon.com/images/I/31VM3xK++PL._SL500_.jpg" alt="Product Image"></a><p>BYNSOE 2 Drawer File Cabinet with Lock Vertical Filing Storage Cabinet Office Home Steel Vertical File Cabinets for Letter Size File Cabinet Locked,Assembly Required</p><p> -8% 0FF </p><p>$54.99</p><a href="https://www.amazon.com/dp/B0D9XYD75W?tag=eloabder-20&linkCode=osi&th=1&psc=1">View Product</a></div><div class="product"><a href="https://www.amazon.com/dp/B0989HLF81?tag=eloabder-20&linkCode=osi&th=1&psc=1"><img src="https://m.media-amazon.com/images/I/51vzgnkbcjL._SL500_.jpg" alt="Product Image"></a><p>DEVAISE 3 Drawer Mobile File Cabinet, Wood Lateral Filing Cabinet, Printer Stand with Open Shelves for Home Office, Rustic Brown</p><p> -21% 0FF </p><p>$74.99</p><a href="https://www.amazon.com/dp/B0989HLF81?tag=eloabder-20&linkCode=osi&th=1&psc=1">View Product</a></div>
<div class="product"><a href="https://www.amazon.com/dp/B00006RSQD?tag=eloabder-20&linkCode=osi&th=1&psc=1"><img src="https://m.media-amazon.com/images/I/315rez3KpeL._SL500_.jpg" alt="Product Image"></a><p>Bush Business Furniture Series C 36W Tall 5 Shelf Bookcase in Hansen Cherry, Large Storage and Display Bookshelf for Home or Professional Office</p><p> -8% 0FF </p><p>$239.49</p><a href="https://www.amazon.com/dp/B00006RSQD?tag=eloabder-20&linkCode=osi&th=1&psc=1">View Product</a></div>
<div class="product"><a href="https://www.amazon.com/dp/B09F6JPYSY?tag=eloabder-20&linkCode=osi&th=1&psc=1"><img src="https://m.media-amazon.com/images/I/51fGLH7lhHL._SL500_.jpg" alt="Product Image"></a><p>SPACELEAD Slim Storage Cart 3 Tier,Bathroom Organizer Rolling Utility,Mobile Shelving Unit Slide Out for Office, Kitchen, Laundry Room & Narrow Places,Black</p><p> -30% 0FF </p><p>$20.99</p><a href="https://www.amazon.com/dp/B09F6JPYSY?tag=eloabder-20&linkCode=osi&th=1&psc=1">View Product</a></div><div class="product"><a href="https://www.amazon.com/dp/B08KFTVGQY?tag=eloabder-20&linkCode=osi&th=1&psc=1"><img src="https://m.media-amazon.com/images/I/51BjUEmGaiL._SL500_.jpg" alt="Product Image"></a><p>SONGMICS Cube Storage Organizer, Set of 16 Plastic Cubes, Closet Organizers and Storage, Room Organization, Bedroom Living Room, 12.2 x 48.4 x 48.4 Inches, Rustic Brown ULPC442A01</p><p> -15% 0FF </p><p>$46.99</p><a href="https://www.amazon.com/dp/B08KFTVGQY?tag=eloabder-20&linkCode=osi&th=1&psc=1">View Product</a></div><div class="product"><a href="https://www.amazon.com/dp/B0DG359YX5?tag=eloabder-20&linkCode=osi&th=1&psc=1"><img src="https://m.media-amazon.com/images/I/41OBXL4HJdL._SL500_.jpg" alt="Product Image"></a><p>VIVO Clamp-on 13 inch Above or Below Desk 2-Tier Shelving Unit for Table Accessories, Gaming Devices, and More, Storage Tray, Desktop Organizer, Rustic Vintage Brown, STAND-SHELF2C-N</p><p> -20% 0FF </p><p>$39.99</p><a href="https://www.amazon.com/dp/B0DG359YX5?tag=eloabder-20&linkCode=osi&th=1&psc=1">View Product</a></div><div class="product"><a href="https://www.amazon.com/dp/B0D7S5GGP6?tag=eloabder-20&linkCode=osi&th=1&psc=1"><img src="https://m.media-amazon.com/images/I/51EriWG2BLL._SL500_.jpg" alt="Product Image"></a><p>C&AHOME Wire Cube Storage, 9 - Cube Organizer Metal C Grids, Modular Shelves Units, Closet Organizer, Ideal for Home, Office, Living Room, 36.6”L x 12.4”W x 48.4”H, Silver Gray UWCS3009G</p><p> -33% 0FF </p><p>$28.87</p><a href="https://www.amazon.com/dp/B0D7S5GGP6?tag=eloabder-20&linkCode=osi&th=1&psc=1">View Product</a></div>
<div class="product"><a href="https://www.amazon.com/dp/B0B1M6ML2J?tag=eloabder-20&linkCode=osi&th=1&psc=1"><img src="https://m.media-amazon.com/images/I/51pX2Qo38JL._SL500_.jpg" alt="Product Image"></a><p>WOWBOX 25 PCS Clear Plastic Drawer Organizer Set, 4 Sizes Desk Drawer Divider Organizers and Storage Bins for Makeup, Jewelry, Gadgets for Kitchen, Bedroom, Bathroom, Office</p><p> -35% 0FF </p><p>$16.13 ($0.65 / Count)</p><a href="https://www.amazon.com/dp/B0B1M6ML2J?tag=eloabder-20&linkCode=osi&th=1&psc=1">View Product</a></div><div class="product"><a href="https://www.amazon.com/dp/B0DB8F7GDN?tag=eloabder-20&linkCode=osi&th=1&psc=1"><img src="https://m.media-amazon.com/images/I/51iOtKHzvCL._SL500_.jpg" alt="Product Image"></a><p>OPNICE Desk Organizer and Accessories, 2-Tier Computer Monitor Stand Riser with Drawer and 2 Pen Holders, Laptop Stand, Office Desk Accessories for Office Supplies, Black</p><p> -27% 0FF </p><p>$21.99</p><a href="https://www.amazon.com/dp/B0DB8F7GDN?tag=eloabder-20&linkCode=osi&th=1&psc=1">View Product</a></div><div class="product"><a href="https://www.amazon.com/dp/B0FQ86P4M3?tag=eloabder-20&linkCode=osi&th=1&psc=1"><img src="https://m.media-amazon.com/images/I/41ZDdyGnPxL._SL500_.jpg" alt="Product Image"></a><p>Mind Reader 2-Tier Desk Organizer with Clamp, Accessory Shelf for Office or Gaming, Office, Metal, White</p><p> -5% 0FF </p><p>$37.99</p><a href="https://www.amazon.com/dp/B0FQ86P4M3?tag=eloabder-20&linkCode=osi&th=1&psc=1">View Product</a></div><div class="product"><a href="https://www.amazon.com/dp/B0BYDGF8DT?tag=eloabder-20&linkCode=osi&th=1&psc=1"><img src="https://m.media-amazon.com/images/I/51sE2GzgVNL._SL500_.jpg" alt="Product Image"></a><p>OPNICE Desk Organizer and Accessories, 4-Tier Desktop File Organizer with Drawer and 2 Pen Holders, Office Desk Accessories, Workspace Organizers for Office Supplies(Black)</p><p> -33% 0FF </p><p>$19.99</p><a href="https://www.amazon.com/dp/B0BYDGF8DT?tag=eloabder-20&linkCode=osi&th=1&psc=1">View Product</a></div><div class="product"><a href="https://www.amazon.com/dp/B0DJKSMV2T?tag=eloabder-20&linkCode=osi&th=1&psc=1"><img src="https://m.media-amazon.com/images/I/41gO3CCIg1L._SL500_.jpg" alt="Product Image"></a><p>gianotter Dual Monitor Stand Riser, Desk Organizer With Drawer and 2 Pen Holders, Computer Monitor Stand, Shelf for Top of Desk, Black</p><p> -28% 0FF </p><p>$25.99</p><a href="https://www.amazon.com/dp/B0DJKSMV2T?tag=eloabder-20&linkCode=osi&th=1&psc=1">View Product</a></div><div class="product"><a href="https://www.amazon.com/dp/B0BWTT3WK1?tag=eloabder-20&linkCode=osi&th=1&psc=1"><img src="https://m.media-amazon.com/images/I/51JTe2SjicL._SL500_.jpg" alt="Product Image"></a><p>gianotter Desk Organizers and Accessories with File Holder, 4-Tier Desk Accessories & Workspace Organizers with Drawer and 2 Pen Holder, Paper Organizer for Office Supplies (Rose Gold)</p><p> -27% 0FF </p><p>$23.99</p><a href="https://www.amazon.com/dp/B0BWTT3WK1?tag=eloabder-20&linkCode=osi&th=1&psc=1">View Product</a></div><div class="product"><a href="https://www.amazon.com/dp/B09QKDY1YY?tag=eloabder-20&linkCode=osi&th=1&psc=1"><img src="https://m.media-amazon.com/images/I/519UVM73B6L._SL500_.jpg" alt="Product Image"></a><p>Supeasy 5 Trays Paper Organizer Letter Tray with Handle-Mesh Desk File Organizer, Paper Sorter Desk Organizer for Office, Home or School</p><p> -17% 0FF </p><p>$19.99</p><a href="https://www.amazon.com/dp/B09QKDY1YY?tag=eloabder-20&linkCode=osi&th=1&psc=1">View Product</a></div><div class="product"><a href="https://www.amazon.com/dp/B08PBFKGJG?tag=eloabder-20&linkCode=osi&th=1&psc=1"><img src="https://m.media-amazon.com/images/I/61WfW0WLsqL._SL500_.jpg" alt="Product Image"></a><p>Marbrasse 6 Tier Paper Organizer Letter Tray - Mesh Desk File Organizer with Handle, Paper Sorter Organizer for Letter/A4 Office File Folder Holder - Black</p><p> -23% 0FF </p><p>$19.98</p><a href="https://www.amazon.com/dp/B08PBFKGJG?tag=eloabder-20&linkCode=osi&th=1&psc=1">View Product</a></div><div class="product"><a href="https://www.amazon.com/dp/B09K5927B5?tag=eloabder-20&linkCode=osi&th=1&psc=1"><img src="https://m.media-amazon.com/images/I/51u5tZ4jR6L._SL500_.jpg" alt="Product Image"></a><p>Marbrasse Desk Organizer with File Holder, 5-Tier Paper Letter Tray Organizer with Drawer and 2 Pen Holder, Mesh Desktop Organizer and Storage with Magazine Holder for Office Supplies(Black)</p><p> -24% 0FF </p><p>$33.99</p><a href="https://www.amazon.com/dp/B09K5927B5?tag=eloabder-20&linkCode=osi&th=1&psc=1">View Product</a></div>
<div class="product"><a href="https://www.amazon.com/dp/B0CNXF7SVS?tag=eloabder-20&linkCode=osi&th=1&psc=1"><img src="https://m.media-amazon.com/images/I/51a6EswyTZL._SL500_.jpg" alt="Product Image"></a><p>Manalete Drawer Organizers Set of 15, 4 Sizes Clear Plastic Drawer Organizers and Storage Bins for Kitchen, Bathroom, Office, Dresser Desk Drawer Organizer Tray for Jewelry, Makeup, Junk, Gadgets</p><p> -29% 0FF </p><p>$9.99</p><a href="https://www.amazon.com/dp/B0CNXF7SVS?tag=eloabder-20&linkCode=osi&th=1&psc=1">View Product</a></div><div class="product"><a href="https://www.amazon.com/dp/B0CCY5X6SS?tag=eloabder-20&linkCode=osi&th=1&psc=1"><img src="https://m.media-amazon.com/images/I/41Iye-vPXJL._SL500_.jpg" alt="Product Image"></a><p>Bamboo Drawer Organizer Set, 5 PCS Multi-Use Individual Wood Storage Organizers, Junk Drawer Divider and Storage Trays Containers for Kitchen, Bathroom, Office Desk, Makeup, Jewelry, Utensils</p><p> -20% 0FF </p><p>$19.99 ($4.00 / Count)</p><a href="https://www.amazon.com/dp/B0CCY5X6SS?tag=eloabder-20&linkCode=osi&th=1&psc=1">View Product</a></div><div class="product"><a href="https://www.amazon.com/dp/B0CCDJQ7MM?tag=eloabder-20&linkCode=osi&th=1&psc=1"><img src="https://m.media-amazon.com/images/I/51kU0WJxdsL._SL500_.jpg" alt="Product Image"></a><p>Marbrasse Expandable Desk Drawer Organizer, Mesh Drawer Organizer Tray with 10 Adjustable Compartments, Desk Organizers and Accessories, 5 Dividers Drawer for Office Supplies, Makeup & Vanity (Black)</p><p> -15% 0FF </p><p>$17.84</p><a href="https://www.amazon.com/dp/B0CCDJQ7MM?tag=eloabder-20&linkCode=osi&th=1&psc=1">View Product</a></div><div class="product"><a href="https://www.amazon.com/dp/B0DM27MBZN?tag=eloabder-20&linkCode=osi&th=1&psc=1"><img src="https://m.media-amazon.com/images/I/41hAfSMnrZL._SL500_.jpg" alt="Product Image"></a><p>ElegantArray 12 PCS Drawer Organizer Set, 4 Sizes Storage Drawer Units, Clear Plastic Makeup Vanity Organizer and Storage Bins for Makeup, Stationeries, Multiple Gadgets for Bathroom, Office, Bedroom</p><p> -31% 0FF </p><p>$8.99</p><a href="https://www.amazon.com/dp/B0DM27MBZN?tag=eloabder-20&linkCode=osi&th=1&psc=1">View Product</a></div>
<div class="product"><a href="https://www.amazon.com/dp/B0C4T42TPC?tag=eloabder-20&linkCode=osi&th=1&psc=1"><img src="https://m.media-amazon.com/images/I/318IsyAsPXL._SL500_.jpg" alt="Product Image"></a><p>Adjustable Mobile CPU Stand, Ventilated Computer Tower Stand with 4 Caster Wheels Fits Most PC Tower, Under Desk CPU Holder PC Floor Cart Computer Riser for Gamers and Students (Black)</p><p> -21% 0FF </p><p>$14.21</p><a href="https://www.amazon.com/dp/B0C4T42TPC?tag=eloabder-20&linkCode=osi&th=1&psc=1">View Product</a></div><div class="product"><a href="https://www.amazon.com/dp/B094QTGHNZ?tag=eloabder-20&linkCode=osi&th=1&psc=1"><img src="https://m.media-amazon.com/images/I/31VzBQ+jwWL._SL500_.jpg" alt="Product Image"></a><p>WALI Computer Monitor Stand for Desk, Adjustable Laptop Riser, Desk Monitor Stand Underneath Storage for Office, Home, School Supplies (STT003), 1 Pack, Black</p><p> -32% 0FF </p><p>$16.99</p><a href="https://www.amazon.com/dp/B094QTGHNZ?tag=eloabder-20&linkCode=osi&th=1&psc=1">View Product</a></div><div class="product"><a href="https://www.amazon.com/dp/B07H4DMLVH?tag=eloabder-20&linkCode=osi&th=1&psc=1"><img src="https://m.media-amazon.com/images/I/31eTfKhpSWL._SL500_.jpg" alt="Product Image"></a><p>HUANUO Monitor Stand, Monitor Stand Riser 3 Height Adjustable, Monitor Riser with Airflow Vents, Laptop Stand for Desk, Laptop Riser, Desk Organizer for Monitor, 15.6" Laptop, PC, Printer</p><p> -11% 0FF </p><p>$15.19</p><a href="https://www.amazon.com/dp/B07H4DMLVH?tag=eloabder-20&linkCode=osi&th=1&psc=1">View Product</a></div><div class="product"><a href="https://www.amazon.com/dp/B0D69W6H91?tag=eloabder-20&linkCode=osi&th=1&psc=1"><img src="https://m.media-amazon.com/images/I/51rQI+gi3lL._SL500_.jpg" alt="Product Image"></a><p>JANE EYRE Computer Tower Stand - Adjustable PC Tower Stand CPU Holder Cart with Charging Station for Office Home Classroom,23.03"-28.3" H, black</p><p> -10% 0FF </p><p>$53.99</p><a href="https://www.amazon.com/dp/B0D69W6H91?tag=eloabder-20&linkCode=osi&th=1&psc=1">View Product</a></div><div class="product"><a href="https://www.amazon.com/dp/B0C4T34L9Y?tag=eloabder-20&linkCode=osi&th=1&psc=1"><img src="https://m.media-amazon.com/images/I/51BNMGXNOEL._SL500_.jpg" alt="Product Image"></a><p>BONTEC Wooden Monitor Stand Riser, 2-Tier Desk Shelf with Storage Organizer, Ergonomic Computer Stand with Cable Management, Cellphone Holder, White, 16.5 Inch</p><p> -33% 0FF </p><p>$18.04</p><a href="https://www.amazon.com/dp/B0C4T34L9Y?tag=eloabder-20&linkCode=osi&th=1&psc=1">View Product</a></div><div class="product"><a href="https://www.amazon.com/dp/B08BRCT4JH?tag=eloabder-20&linkCode=osi&th=1&psc=1"><img src="https://m.media-amazon.com/images/I/41Ga6A+cXbL._SL500_.jpg" alt="Product Image"></a><p>BESIGN LS03 Aluminum Laptop Stand, Ergonomic Detachable Computer Stand, Notebook Riser Compatible with Air, Pro, Dell, HP, Lenovo More 10-15.6" Laptops, Silver</p><p> -25% 0FF </p><p>$14.98</p><a href="https://www.amazon.com/dp/B08BRCT4JH?tag=eloabder-20&linkCode=osi&th=1&psc=1">View Product</a></div>
<div class="product"><a href="https://www.amazon.com/dp/B07Q79ZZJ6?tag=eloabder-20&linkCode=osi&th=1&psc=1"><img src="https://m.media-amazon.com/images/I/31-LBzENQIL._SL500_.jpg" alt="Product Image"></a><p>Single LCD Computer Monitor Free-Standing Desk Stand Mount Riser for 13 inch to 32 inch screen with Swivel, Height Adjustable, Rotation, Vesa Base Stand Holds One (1) Screen up to 77Lbs(HT05B-001))</p><p> -34% 0FF </p><p>$21.99</p><a href="https://www.amazon.com/dp/B07Q79ZZJ6?tag=eloabder-20&linkCode=osi&th=1&psc=1">View Product</a></div><div class="product"><a href="https://www.amazon.com/dp/B082845XM8?tag=eloabder-20&linkCode=osi&th=1&psc=1"><img src="https://m.media-amazon.com/images/I/41uRH1B7HgL._SL500_.jpg" alt="Product Image"></a><p>Dual Monitor Stand - Vertical Stack Screen Free-Standing Monitor Riser Fits Two 13 to 34 Inch Screen with Swivel, Tilt, Height Adjustable, Holds One (1) Screen Up to 44Lbs</p><p> -5% 0FF </p><p>$31.56</p><a href="https://www.amazon.com/dp/B082845XM8?tag=eloabder-20&linkCode=osi&th=1&psc=1">View Product</a></div><div class="product"><a href="https://www.amazon.com/dp/B00X4SCCFG?tag=eloabder-20&linkCode=osi&th=1&psc=1"><img src="https://m.media-amazon.com/images/I/21X2klzUZGL._SL500_.jpg" alt="Product Image"></a><p>Amazon Basics Height Adjustable Rectangular Computer Monitor Riser Desk Stand with Storage for Reduced Neck Strain - Fits Monitors, Laptops Up to 22lbs, Black</p><p> -35% 0FF </p><p>$14.06</p><a href="https://www.amazon.com/dp/B00X4SCCFG?tag=eloabder-20&linkCode=osi&th=1&psc=1">View Product</a></div>
<div class="product"><a href="https://www.amazon.com/dp/B07HFDJCSL?tag=eloabder-20&linkCode=osi&th=1&psc=1"><img src="https://m.media-amazon.com/images/I/41DR7qY1naL._SL500_.jpg" alt="Product Image"></a><p>VIVO Large Keyboard Tray Under Desk Pull Out with Extra Sturdy C Clamp Mount System, 27 (33 Including Clamps) x 11 Inch Slide-Out Platform Computer Drawer for Typing, Black, MOUNT-KB05E</p><p> -17% 0FF </p><p>$49.99</p><a href="https://www.amazon.com/dp/B07HFDJCSL?tag=eloabder-20&linkCode=osi&th=1&psc=1">View Product</a></div><div class="product"><a href="https://www.amazon.com/dp/B082NKBM62?tag=eloabder-20&linkCode=osi&th=1&psc=1"><img src="https://m.media-amazon.com/images/I/41qQ3p9-mrL._SL500_.jpg" alt="Product Image"></a><p>HUANUO Keyboard Tray Under Desk, 360 Adjustable Ergonomic Sliding Keyboard & Mouse Tray, Under Desk Keyboard Tray Slide Out, Keyboard Holder Under Desk for Typing in Home, Office Work, 25"W x 9.84"D</p><p> -33% 0FF </p><p>$59.98</p><a href="https://www.amazon.com/dp/B082NKBM62?tag=eloabder-20&linkCode=osi&th=1&psc=1">View Product</a></div><div class="product"><a href="https://www.amazon.com/dp/B0F23GTKHL?tag=eloabder-20&linkCode=osi&th=1&psc=1"><img src="https://m.media-amazon.com/images/I/41dmHoeznDL._SL500_.jpg" alt="Product Image"></a><p>Zontera Ergonomic Mouse & Keyboard Tray Under Desk, Pull Out with Adjustable C-clamp, 20 (25.9 Including Clamps) x 11.8 Inch Slide Out Computer Keyboard Drawer Mouse Tray for Typing, Black</p><p> -7% 0FF </p><p>$25.99</p><a href="https://www.amazon.com/dp/B0F23GTKHL?tag=eloabder-20&linkCode=osi&th=1&psc=1">View Product</a></div><div class="product"><a href="https://www.amazon.com/dp/B01IIGMBVI?tag=eloabder-20&linkCode=osi&th=1&psc=1"><img src="https://m.media-amazon.com/images/I/21Vw8003F0L._SL500_.jpg" alt="Product Image"></a><p>Alera ALE Valencia Series Underdesk Keyboard/Mouse Shelf, 28w x 12d, Black</p><p> -50% 0FF </p><p>$29.22</p><a href="https://www.amazon.com/dp/B01IIGMBVI?tag=eloabder-20&linkCode=osi&th=1&psc=1">View Product</a></div>

<div class="product"><a href="https://www.amazon.com/dp/B0033J6V3A?tag=eloabder-20&linkCode=osi&th=1&psc=1"><img src="https://m.media-amazon.com/images/I/21o5ASbichL._SL500_.jpg" alt="Product Image"></a><p>NuSparc 2 Drawer Locking Filing Cabinet | Pre-Assembled Steel Construction | Space-Saving Design is Perfect for Home and Small Office | Letter-Size | Assembled in North America</p><p> -14% 0FF </p><p>$76.99</p><a href="https://www.amazon.com/dp/B0033J6V3A?tag=eloabder-20&linkCode=osi&th=1&psc=1">View Product</a></div><div class="product"><a href="https://www.amazon.com/dp/B0D9XYD75W?tag=eloabder-20&linkCode=osi&th=1&psc=1"><img src="https://m.media-amazon.com/images/I/31VM3xK++PL._SL500_.jpg" alt="Product Image"></a><p>BYNSOE 2 Drawer File Cabinet with Lock Vertical Filing Storage Cabinet Office Home Steel Vertical File Cabinets for Letter Size File Cabinet Locked,Assembly Required</p><p> -8% 0FF </p><p>$54.99</p><a href="https://www.amazon.com/dp/B0D9XYD75W?tag=eloabder-20&linkCode=osi&th=1&psc=1">View Product</a></div><div class="product"><a href="https://www.amazon.com/dp/B0989HLF81?tag=eloabder-20&linkCode=osi&th=1&psc=1"><img src="https://m.media-amazon.com/images/I/51vzgnkbcjL._SL500_.jpg" alt="Product Image"></a><p>DEVAISE 3 Drawer Mobile File Cabinet, Wood Lateral Filing Cabinet, Printer Stand with Open Shelves for Home Office, Rustic Brown</p><p> -21% 0FF </p><p>$74.99</p><a href="https://www.amazon.com/dp/B0989HLF81?tag=eloabder-20&linkCode=osi&th=1&psc=1">View Product</a></div>
<div class="product"><a href="https://www.amazon.com/dp/B00006RSQD?tag=eloabder-20&linkCode=osi&th=1&psc=1"><img src="https://m.media-amazon.com/images/I/315rez3KpeL._SL500_.jpg" alt="Product Image"></a><p>Bush Business Furniture Series C 36W Tall 5 Shelf Bookcase in Hansen Cherry, Large Storage and Display Bookshelf for Home or Professional Office</p><p> -8% 0FF </p><p>$239.49</p><a href="https://www.amazon.com/dp/B00006RSQD?tag=eloabder-20&linkCode=osi&th=1&psc=1">View Product</a></div>
<div class="product"><a href="https://www.amazon.com/dp/B09F6JPYSY?tag=eloabder-20&linkCode=osi&th=1&psc=1"><img src="https://m.media-amazon.com/images/I/51fGLH7lhHL._SL500_.jpg" alt="Product Image"></a><p>SPACELEAD Slim Storage Cart 3 Tier,Bathroom Organizer Rolling Utility,Mobile Shelving Unit Slide Out for Office, Kitchen, Laundry Room & Narrow Places,Black</p><p> -30% 0FF </p><p>$20.99</p><a href="https://www.amazon.com/dp/B09F6JPYSY?tag=eloabder-20&linkCode=osi&th=1&psc=1">View Product</a></div><div class="product"><a href="https://www.amazon.com/dp/B08KFTVGQY?tag=eloabder-20&linkCode=osi&th=1&psc=1"><img src="https://m.media-amazon.com/images/I/51BjUEmGaiL._SL500_.jpg" alt="Product Image"></a><p>SONGMICS Cube Storage Organizer, Set of 16 Plastic Cubes, Closet Organizers and Storage, Room Organization, Bedroom Living Room, 12.2 x 48.4 x 48.4 Inches, Rustic Brown ULPC442A01</p><p> -15% 0FF </p><p>$46.99</p><a href="https://www.amazon.com/dp/B08KFTVGQY?tag=eloabder-20&linkCode=osi&th=1&psc=1">View Product</a></div><div class="product"><a href="https://www.amazon.com/dp/B0DG359YX5?tag=eloabder-20&linkCode=osi&th=1&psc=1"><img src="https://m.media-amazon.com/images/I/41OBXL4HJdL._SL500_.jpg" alt="Product Image"></a><p>VIVO Clamp-on 13 inch Above or Below Desk 2-Tier Shelving Unit for Table Accessories, Gaming Devices, and More, Storage Tray, Desktop Organizer, Rustic Vintage Brown, STAND-SHELF2C-N</p><p> -20% 0FF </p><p>$39.99</p><a href="https://www.amazon.com/dp/B0DG359YX5?tag=eloabder-20&linkCode=osi&th=1&psc=1">View Product</a></div><div class="product"><a href="https://www.amazon.com/dp/B0D7S5GGP6?tag=eloabder-20&linkCode=osi&th=1&psc=1"><img src="https://m.media-amazon.com/images/I/51EriWG2BLL._SL500_.jpg" alt="Product Image"></a><p>C&AHOME Wire Cube Storage, 9 - Cube Organizer Metal C Grids, Modular Shelves Units, Closet Organizer, Ideal for Home, Office, Living Room, 36.6”L x 12.4”W x 48.4”H, Silver Gray UWCS3009G</p><p> -33% 0FF </p><p>$28.87</p><a href="https://www.amazon.com/dp/B0D7S5GGP6?tag=eloabder-20&linkCode=osi&th=1&psc=1">View Product</a></div>
<div class="product"><a href="https://www.amazon.com/dp/B0B1M6ML2J?tag=eloabder-20&linkCode=osi&th=1&psc=1"><img src="https://m.media-amazon.com/images/I/51pX2Qo38JL._SL500_.jpg" alt="Product Image"></a><p>WOWBOX 25 PCS Clear Plastic Drawer Organizer Set, 4 Sizes Desk Drawer Divider Organizers and Storage Bins for Makeup, Jewelry, Gadgets for Kitchen, Bedroom, Bathroom, Office</p><p> -35% 0FF </p><p>$16.13 ($0.65 / Count)</p><a href="https://www.amazon.com/dp/B0B1M6ML2J?tag=eloabder-20&linkCode=osi&th=1&psc=1">View Product</a></div><div class="product"><a href="https://www.amazon.com/dp/B0DB8F7GDN?tag=eloabder-20&linkCode=osi&th=1&psc=1"><img src="https://m.media-amazon.com/images/I/51iOtKHzvCL._SL500_.jpg" alt="Product Image"></a><p>OPNICE Desk Organizer and Accessories, 2-Tier Computer Monitor Stand Riser with Drawer and 2 Pen Holders, Laptop Stand, Office Desk Accessories for Office Supplies, Black</p><p> -27% 0FF </p><p>$21.99</p><a href="https://www.amazon.com/dp/B0DB8F7GDN?tag=eloabder-20&linkCode=osi&th=1&psc=1">View Product</a></div><div class="product"><a href="https://www.amazon.com/dp/B0FQ86P4M3?tag=eloabder-20&linkCode=osi&th=1&psc=1"><img src="https://m.media-amazon.com/images/I/41ZDdyGnPxL._SL500_.jpg" alt="Product Image"></a><p>Mind Reader 2-Tier Desk Organizer with Clamp, Accessory Shelf for Office or Gaming, Office, Metal, White</p><p> -5% 0FF </p><p>$37.99</p><a href="https://www.amazon.com/dp/B0FQ86P4M3?tag=eloabder-20&linkCode=osi&th=1&psc=1">View Product</a></div><div class="product"><a href="https://www.amazon.com/dp/B0BYDGF8DT?tag=eloabder-20&linkCode=osi&th=1&psc=1"><img src="https://m.media-amazon.com/images/I/51sE2GzgVNL._SL500_.jpg" alt="Product Image"></a><p>OPNICE Desk Organizer and Accessories, 4-Tier Desktop File Organizer with Drawer and 2 Pen Holders, Office Desk Accessories, Workspace Organizers for Office Supplies(Black)</p><p> -33% 0FF </p><p>$19.99</p><a href="https://www.amazon.com/dp/B0BYDGF8DT?tag=eloabder-20&linkCode=osi&th=1&psc=1">View Product</a></div><div class="product"><a href="https://www.amazon.com/dp/B0DJKSMV2T?tag=eloabder-20&linkCode=osi&th=1&psc=1"><img src="https://m.media-amazon.com/images/I/41gO3CCIg1L._SL500_.jpg" alt="Product Image"></a><p>gianotter Dual Monitor Stand Riser, Desk Organizer With Drawer and 2 Pen Holders, Computer Monitor Stand, Shelf for Top of Desk, Black</p><p> -28% 0FF </p><p>$25.99</p><a href="https://www.amazon.com/dp/B0DJKSMV2T?tag=eloabder-20&linkCode=osi&th=1&psc=1">View Product</a></div><div class="product"><a href="https://www.amazon.com/dp/B0BWTT3WK1?tag=eloabder-20&linkCode=osi&th=1&psc=1"><img src="https://m.media-amazon.com/images/I/51JTe2SjicL._SL500_.jpg" alt="Product Image"></a><p>gianotter Desk Organizers and Accessories with File Holder, 4-Tier Desk Accessories & Workspace Organizers with Drawer and 2 Pen Holder, Paper Organizer for Office Supplies (Rose Gold)</p><p> -27% 0FF </p><p>$23.99</p><a href="https://www.amazon.com/dp/B0BWTT3WK1?tag=eloabder-20&linkCode=osi&th=1&psc=1">View Product</a></div><div class="product"><a href="https://www.amazon.com/dp/B09QKDY1YY?tag=eloabder-20&linkCode=osi&th=1&psc=1"><img src="https://m.media-amazon.com/images/I/519UVM73B6L._SL500_.jpg" alt="Product Image"></a><p>Supeasy 5 Trays Paper Organizer Letter Tray with Handle-Mesh Desk File Organizer, Paper Sorter Desk Organizer for Office, Home or School</p><p> -17% 0FF </p><p>$19.99</p><a href="https://www.amazon.com/dp/B09QKDY1YY?tag=eloabder-20&linkCode=osi&th=1&psc=1">View Product</a></div><div class="product"><a href="https://www.amazon.com/dp/B08PBFKGJG?tag=eloabder-20&linkCode=osi&th=1&psc=1"><img src="https://m.media-amazon.com/images/I/61WfW0WLsqL._SL500_.jpg" alt="Product Image"></a><p>Marbrasse 6 Tier Paper Organizer Letter Tray - Mesh Desk File Organizer with Handle, Paper Sorter Organizer for Letter/A4 Office File Folder Holder - Black</p><p> -23% 0FF </p><p>$19.98</p><a href="https://www.amazon.com/dp/B08PBFKGJG?tag=eloabder-20&linkCode=osi&th=1&psc=1">View Product</a></div><div class="product"><a href="https://www.amazon.com/dp/B09K5927B5?tag=eloabder-20&linkCode=osi&th=1&psc=1"><img src="https://m.media-amazon.com/images/I/51u5tZ4jR6L._SL500_.jpg" alt="Product Image"></a><p>Marbrasse Desk Organizer with File Holder, 5-Tier Paper Letter Tray Organizer with Drawer and 2 Pen Holder, Mesh Desktop Organizer and Storage with Magazine Holder for Office Supplies(Black)</p><p> -24% 0FF </p><p>$33.99</p><a href="https://www.amazon.com/dp/B09K5927B5?tag=eloabder-20&linkCode=osi&th=1&psc=1">View Product</a></div>
<div class="product"><a href="https://www.amazon.com/dp/B0CNXF7SVS?tag=eloabder-20&linkCode=osi&th=1&psc=1"><img src="https://m.media-amazon.com/images/I/51a6EswyTZL._SL500_.jpg" alt="Product Image"></a><p>Manalete Drawer Organizers Set of 15, 4 Sizes Clear Plastic Drawer Organizers and Storage Bins for Kitchen, Bathroom, Office, Dresser Desk Drawer Organizer Tray for Jewelry, Makeup, Junk, Gadgets</p><p> -29% 0FF </p><p>$9.99</p><a href="https://www.amazon.com/dp/B0CNXF7SVS?tag=eloabder-20&linkCode=osi&th=1&psc=1">View Product</a></div><div class="product"><a href="https://www.amazon.com/dp/B0CCY5X6SS?tag=eloabder-20&linkCode=osi&th=1&psc=1"><img src="https://m.media-amazon.com/images/I/41Iye-vPXJL._SL500_.jpg" alt="Product Image"></a><p>Bamboo Drawer Organizer Set, 5 PCS Multi-Use Individual Wood Storage Organizers, Junk Drawer Divider and Storage Trays Containers for Kitchen, Bathroom, Office Desk, Makeup, Jewelry, Utensils</p><p> -20% 0FF </p><p>$19.99 ($4.00 / Count)</p><a href="https://www.amazon.com/dp/B0CCY5X6SS?tag=eloabder-20&linkCode=osi&th=1&psc=1">View Product</a></div><div class="product"><a href="https://www.amazon.com/dp/B0CCDJQ7MM?tag=eloabder-20&linkCode=osi&th=1&psc=1"><img src="https://m.media-amazon.com/images/I/51kU0WJxdsL._SL500_.jpg" alt="Product Image"></a><p>Marbrasse Expandable Desk Drawer Organizer, Mesh Drawer Organizer Tray with 10 Adjustable Compartments, Desk Organizers and Accessories, 5 Dividers Drawer for Office Supplies, Makeup & Vanity (Black)</p><p> -15% 0FF </p><p>$17.84</p><a href="https://www.amazon.com/dp/B0CCDJQ7MM?tag=eloabder-20&linkCode=osi&th=1&psc=1">View Product</a></div><div class="product"><a href="https://www.amazon.com/dp/B0DM27MBZN?tag=eloabder-20&linkCode=osi&th=1&psc=1"><img src="https://m.media-amazon.com/images/I/41hAfSMnrZL._SL500_.jpg" alt="Product Image"></a><p>ElegantArray 12 PCS Drawer Organizer Set, 4 Sizes Storage Drawer Units, Clear Plastic Makeup Vanity Organizer and Storage Bins for Makeup, Stationeries, Multiple Gadgets for Bathroom, Office, Bedroom</p><p> -31% 0FF </p><p>$8.99</p><a href="https://www.amazon.com/dp/B0DM27MBZN?tag=eloabder-20&linkCode=osi&th=1&psc=1">View Product</a></div>
<div class="product"><a href="https://www.amazon.com/dp/B0C4T42TPC?tag=eloabder-20&linkCode=osi&th=1&psc=1"><img src="https://m.media-amazon.com/images/I/318IsyAsPXL._SL500_.jpg" alt="Product Image"></a><p>Adjustable Mobile CPU Stand, Ventilated Computer Tower Stand with 4 Caster Wheels Fits Most PC Tower, Under Desk CPU Holder PC Floor Cart Computer Riser for Gamers and Students (Black)</p><p> -21% 0FF </p><p>$14.21</p><a href="https://www.amazon.com/dp/B0C4T42TPC?tag=eloabder-20&linkCode=osi&th=1&psc=1">View Product</a></div><div class="product"><a href="https://www.amazon.com/dp/B094QTGHNZ?tag=eloabder-20&linkCode=osi&th=1&psc=1"><img src="https://m.media-amazon.com/images/I/31VzBQ+jwWL._SL500_.jpg" alt="Product Image"></a><p>WALI Computer Monitor Stand for Desk, Adjustable Laptop Riser, Desk Monitor Stand Underneath Storage for Office, Home, School Supplies (STT003), 1 Pack, Black</p><p> -32% 0FF </p><p>$16.99</p><a href="https://www.amazon.com/dp/B094QTGHNZ?tag=eloabder-20&linkCode=osi&th=1&psc=1">View Product</a></div><div class="product"><a href="https://www.amazon.com/dp/B07H4DMLVH?tag=eloabder-20&linkCode=osi&th=1&psc=1"><img src="https://m.media-amazon.com/images/I/31eTfKhpSWL._SL500_.jpg" alt="Product Image"></a><p>HUANUO Monitor Stand, Monitor Stand Riser 3 Height Adjustable, Monitor Riser with Airflow Vents, Laptop Stand for Desk, Laptop Riser, Desk Organizer for Monitor, 15.6" Laptop, PC, Printer</p><p> -11% 0FF </p><p>$15.19</p><a href="https://www.amazon.com/dp/B07H4DMLVH?tag=eloabder-20&linkCode=osi&th=1&psc=1">View Product</a></div><div class="product"><a href="https://www.amazon.com/dp/B0D69W6H91?tag=eloabder-20&linkCode=osi&th=1&psc=1"><img src="https://m.media-amazon.com/images/I/51rQI+gi3lL._SL500_.jpg" alt="Product Image"></a><p>JANE EYRE Computer Tower Stand - Adjustable PC Tower Stand CPU Holder Cart with Charging Station for Office Home Classroom,23.03"-28.3" H, black</p><p> -10% 0FF </p><p>$53.99</p><a href="https://www.amazon.com/dp/B0D69W6H91?tag=eloabder-20&linkCode=osi&th=1&psc=1">View Product</a></div><div class="product"><a href="https://www.amazon.com/dp/B0C4T34L9Y?tag=eloabder-20&linkCode=osi&th=1&psc=1"><img src="https://m.media-amazon.com/images/I/51BNMGXNOEL._SL500_.jpg" alt="Product Image"></a><p>BONTEC Wooden Monitor Stand Riser, 2-Tier Desk Shelf with Storage Organizer, Ergonomic Computer Stand with Cable Management, Cellphone Holder, White, 16.5 Inch</p><p> -33% 0FF </p><p>$18.04</p><a href="https://www.amazon.com/dp/B0C4T34L9Y?tag=eloabder-20&linkCode=osi&th=1&psc=1">View Product</a></div><div class="product"><a href="https://www.amazon.com/dp/B08BRCT4JH?tag=eloabder-20&linkCode=osi&th=1&psc=1"><img src="https://m.media-amazon.com/images/I/41Ga6A+cXbL._SL500_.jpg" alt="Product Image"></a><p>BESIGN LS03 Aluminum Laptop Stand, Ergonomic Detachable Computer Stand, Notebook Riser Compatible with Air, Pro, Dell, HP, Lenovo More 10-15.6" Laptops, Silver</p><p> -25% 0FF </p><p>$14.98</p><a href="https://www.amazon.com/dp/B08BRCT4JH?tag=eloabder-20&linkCode=osi&th=1&psc=1">View Product</a></div>
<div class="product"><a href="https://www.amazon.com/dp/B07Q79ZZJ6?tag=eloabder-20&linkCode=osi&th=1&psc=1"><img src="https://m.media-amazon.com/images/I/31-LBzENQIL._SL500_.jpg" alt="Product Image"></a><p>Single LCD Computer Monitor Free-Standing Desk Stand Mount Riser for 13 inch to 32 inch screen with Swivel, Height Adjustable, Rotation, Vesa Base Stand Holds One (1) Screen up to 77Lbs(HT05B-001))</p><p> -34% 0FF </p><p>$21.99</p><a href="https://www.amazon.com/dp/B07Q79ZZJ6?tag=eloabder-20&linkCode=osi&th=1&psc=1">View Product</a></div><div class="product"><a href="https://www.amazon.com/dp/B082845XM8?tag=eloabder-20&linkCode=osi&th=1&psc=1"><img src="https://m.media-amazon.com/images/I/41uRH1B7HgL._SL500_.jpg" alt="Product Image"></a><p>Dual Monitor Stand - Vertical Stack Screen Free-Standing Monitor Riser Fits Two 13 to 34 Inch Screen with Swivel, Tilt, Height Adjustable, Holds One (1) Screen Up to 44Lbs</p><p> -5% 0FF </p><p>$31.56</p><a href="https://www.amazon.com/dp/B082845XM8?tag=eloabder-20&linkCode=osi&th=1&psc=1">View Product</a></div><div class="product"><a href="https://www.amazon.com/dp/B00X4SCCFG?tag=eloabder-20&linkCode=osi&th=1&psc=1"><img src="https://m.media-amazon.com/images/I/21X2klzUZGL._SL500_.jpg" alt="Product Image"></a><p>Amazon Basics Height Adjustable Rectangular Computer Monitor Riser Desk Stand with Storage for Reduced Neck Strain - Fits Monitors, Laptops Up to 22lbs, Black</p><p> -35% 0FF </p><p>$14.06</p><a href="https://www.amazon.com/dp/B00X4SCCFG?tag=eloabder-20&linkCode=osi&th=1&psc=1">View Product</a></div>
<div class="product"><a href="https://www.amazon.com/dp/B07HFDJCSL?tag=eloabder-20&linkCode=osi&th=1&psc=1"><img src="https://m.media-amazon.com/images/I/41DR7qY1naL._SL500_.jpg" alt="Product Image"></a><p>VIVO Large Keyboard Tray Under Desk Pull Out with Extra Sturdy C Clamp Mount System, 27 (33 Including Clamps) x 11 Inch Slide-Out Platform Computer Drawer for Typing, Black, MOUNT-KB05E</p><p> -17% 0FF </p><p>$49.99</p><a href="https://www.amazon.com/dp/B07HFDJCSL?tag=eloabder-20&linkCode=osi&th=1&psc=1">View Product</a></div><div class="product"><a href="https://www.amazon.com/dp/B082NKBM62?tag=eloabder-20&linkCode=osi&th=1&psc=1"><img src="https://m.media-amazon.com/images/I/41qQ3p9-mrL._SL500_.jpg" alt="Product Image"></a><p>HUANUO Keyboard Tray Under Desk, 360 Adjustable Ergonomic Sliding Keyboard & Mouse Tray, Under Desk Keyboard Tray Slide Out, Keyboard Holder Under Desk for Typing in Home, Office Work, 25"W x 9.84"D</p><p> -33% 0FF </p><p>$59.98</p><a href="https://www.amazon.com/dp/B082NKBM62?tag=eloabder-20&linkCode=osi&th=1&psc=1">View Product</a></div><div class="product"><a href="https://www.amazon.com/dp/B0F23GTKHL?tag=eloabder-20&linkCode=osi&th=1&psc=1"><img src="https://m.media-amazon.com/images/I/41dmHoeznDL._SL500_.jpg" alt="Product Image"></a><p>Zontera Ergonomic Mouse & Keyboard Tray Under Desk, Pull Out with Adjustable C-clamp, 20 (25.9 Including Clamps) x 11.8 Inch Slide Out Computer Keyboard Drawer Mouse Tray for Typing, Black</p><p> -7% 0FF </p><p>$25.99</p><a href="https://www.amazon.com/dp/B0F23GTKHL?tag=eloabder-20&linkCode=osi&th=1&psc=1">View Product</a></div><div class="product"><a href="https://www.amazon.com/dp/B01IIGMBVI?tag=eloabder-20&linkCode=osi&th=1&psc=1"><img src="https://m.media-amazon.com/images/I/21Vw8003F0L._SL500_.jpg" alt="Product Image"></a><p>Alera ALE Valencia Series Underdesk Keyboard/Mouse Shelf, 28w x 12d, Black</p><p> -50% 0FF </p><p>$29.22</p><a href="https://www.amazon.com/dp/B01IIGMBVI?tag=eloabder-20&linkCode=osi&th=1&psc=1">View Product</a></div>
<div class="product"><a href="https://www.amazon.com/dp/B07C3XZMC6?tag=eloabder-20&linkCode=osi&th=1&psc=1"><img src="https://m.media-amazon.com/images/I/31Eojf7glwL._SL500_.jpg" alt="Product Image"></a><p>JIKIOU 3 Pack Mouse Pad with Stitched Edge, Comfortable Mouse Pads with Non-Slip Rubber Base, Washable Mousepads Bulk with Comfortable Cloth, Mouse Pads for Computers Laptop Mouse 10.2x8.3inch Black</p><p> -29% 0FF </p><p>$7.99</p><a href="https://www.amazon.com/dp/B07C3XZMC6?tag=eloabder-20&linkCode=osi&th=1&psc=1">View Product</a></div><div class="product"><a href="https://www.amazon.com/dp/B085XRMSTT?tag=eloabder-20&linkCode=osi&th=1&psc=1"><img src="https://m.media-amazon.com/images/I/31aDSI0sFoL._SL500_.jpg" alt="Product Image"></a><p>EooCoo Ergonomic Mouse Pad with Wrist Support, Mousepad with Memory Foam Wrist Rest and Non-Slip Base for Computer, Cafe, Home & Office, 9.64 x 8.26 in Office Desk Accessories</p><p> -36% 0FF </p><p>$6.99</p><a href="https://www.amazon.com/dp/B085XRMSTT?tag=eloabder-20&linkCode=osi&th=1&psc=1">View Product</a></div>

<div class="product"><a href="https://www.amazon.com/dp/B0033J6V3A?tag=eloabder-20&linkCode=osi&th=1&psc=1"><img src="https://m.media-amazon.com/images/I/21o5ASbichL._SL500_.jpg" alt="Product Image"></a><p>NuSparc 2 Drawer Locking Filing Cabinet | Pre-Assembled Steel Construction | Space-Saving Design is Perfect for Home and Small Office | Letter-Size | Assembled in North America</p><p> -14% 0FF </p><p>$76.99</p><a href="https://www.amazon.com/dp/B0033J6V3A?tag=eloabder-20&linkCode=osi&th=1&psc=1">View Product</a></div><div class="product"><a href="https://www.amazon.com/dp/B0D9XYD75W?tag=eloabder-20&linkCode=osi&th=1&psc=1"><img src="https://m.media-amazon.com/images/I/31VM3xK++PL._SL500_.jpg" alt="Product Image"></a><p>BYNSOE 2 Drawer File Cabinet with Lock Vertical Filing Storage Cabinet Office Home Steel Vertical File Cabinets for Letter Size File Cabinet Locked,Assembly Required</p><p> -8% 0FF </p><p>$54.99</p><a href="https://www.amazon.com/dp/B0D9XYD75W?tag=eloabder-20&linkCode=osi&th=1&psc=1">View Product</a></div><div class="product"><a href="https://www.amazon.com/dp/B0989HLF81?tag=eloabder-20&linkCode=osi&th=1&psc=1"><img src="https://m.media-amazon.com/images/I/51vzgnkbcjL._SL500_.jpg" alt="Product Image"></a><p>DEVAISE 3 Drawer Mobile File Cabinet, Wood Lateral Filing Cabinet, Printer Stand with Open Shelves for Home Office, Rustic Brown</p><p> -21% 0FF </p><p>$74.99</p><a href="https://www.amazon.com/dp/B0989HLF81?tag=eloabder-20&linkCode=osi&th=1&psc=1">View Product</a></div>
<div class="product"><a href="https://www.amazon.com/dp/B00006RSQD?tag=eloabder-20&linkCode=osi&th=1&psc=1"><img src="https://m.media-amazon.com/images/I/315rez3KpeL._SL500_.jpg" alt="Product Image"></a><p>Bush Business Furniture Series C 36W Tall 5 Shelf Bookcase in Hansen Cherry, Large Storage and Display Bookshelf for Home or Professional Office</p><p> -8% 0FF </p><p>$239.49</p><a href="https://www.amazon.com/dp/B00006RSQD?tag=eloabder-20&linkCode=osi&th=1&psc=1">View Product</a></div>
<div class="product"><a href="https://www.amazon.com/dp/B09F6JPYSY?tag=eloabder-20&linkCode=osi&th=1&psc=1"><img src="https://m.media-amazon.com/images/I/51fGLH7lhHL._SL500_.jpg" alt="Product Image"></a><p>SPACELEAD Slim Storage Cart 3 Tier,Bathroom Organizer Rolling Utility,Mobile Shelving Unit Slide Out for Office, Kitchen, Laundry Room & Narrow Places,Black</p><p> -30% 0FF </p><p>$20.99</p><a href="https://www.amazon.com/dp/B09F6JPYSY?tag=eloabder-20&linkCode=osi&th=1&psc=1">View Product</a></div><div class="product"><a href="https://www.amazon.com/dp/B08KFTVGQY?tag=eloabder-20&linkCode=osi&th=1&psc=1"><img src="https://m.media-amazon.com/images/I/51BjUEmGaiL._SL500_.jpg" alt="Product Image"></a><p>SONGMICS Cube Storage Organizer, Set of 16 Plastic Cubes, Closet Organizers and Storage, Room Organization, Bedroom Living Room, 12.2 x 48.4 x 48.4 Inches, Rustic Brown ULPC442A01</p><p> -15% 0FF </p><p>$46.99</p><a href="https://www.amazon.com/dp/B08KFTVGQY?tag=eloabder-20&linkCode=osi&th=1&psc=1">View Product</a></div><div class="product"><a href="https://www.amazon.com/dp/B0DG359YX5?tag=eloabder-20&linkCode=osi&th=1&psc=1"><img src="https://m.media-amazon.com/images/I/41OBXL4HJdL._SL500_.jpg" alt="Product Image"></a><p>VIVO Clamp-on 13 inch Above or Below Desk 2-Tier Shelving Unit for Table Accessories, Gaming Devices, and More, Storage Tray, Desktop Organizer, Rustic Vintage Brown, STAND-SHELF2C-N</p><p> -20% 0FF </p><p>$39.99</p><a href="https://www.amazon.com/dp/B0DG359YX5?tag=eloabder-20&linkCode=osi&th=1&psc=1">View Product</a></div><div class="product"><a href="https://www.amazon.com/dp/B0D7S5GGP6?tag=eloabder-20&linkCode=osi&th=1&psc=1"><img src="https://m.media-amazon.com/images/I/51EriWG2BLL._SL500_.jpg" alt="Product Image"></a><p>C&AHOME Wire Cube Storage, 9 - Cube Organizer Metal C Grids, Modular Shelves Units, Closet Organizer, Ideal for Home, Office, Living Room, 36.6”L x 12.4”W x 48.4”H, Silver Gray UWCS3009G</p><p> -33% 0FF </p><p>$28.87</p><a href="https://www.amazon.com/dp/B0D7S5GGP6?tag=eloabder-20&linkCode=osi&th=1&psc=1">View Product</a></div>
<div class="product"><a href="https://www.amazon.com/dp/B0B1M6ML2J?tag=eloabder-20&linkCode=osi&th=1&psc=1"><img src="https://m.media-amazon.com/images/I/51pX2Qo38JL._SL500_.jpg" alt="Product Image"></a><p>WOWBOX 25 PCS Clear Plastic Drawer Organizer Set, 4 Sizes Desk Drawer Divider Organizers and Storage Bins for Makeup, Jewelry, Gadgets for Kitchen, Bedroom, Bathroom, Office</p><p> -35% 0FF </p><p>$16.13 ($0.65 / Count)</p><a href="https://www.amazon.com/dp/B0B1M6ML2J?tag=eloabder-20&linkCode=osi&th=1&psc=1">View Product</a></div><div class="product"><a href="https://www.amazon.com/dp/B0DB8F7GDN?tag=eloabder-20&linkCode=osi&th=1&psc=1"><img src="https://m.media-amazon.com/images/I/51iOtKHzvCL._SL500_.jpg" alt="Product Image"></a><p>OPNICE Desk Organizer and Accessories, 2-Tier Computer Monitor Stand Riser with Drawer and 2 Pen Holders, Laptop Stand, Office Desk Accessories for Office Supplies, Black</p><p> -27% 0FF </p><p>$21.99</p><a href="https://www.amazon.com/dp/B0DB8F7GDN?tag=eloabder-20&linkCode=osi&th=1&psc=1">View Product</a></div><div class="product"><a href="https://www.amazon.com/dp/B0FQ86P4M3?tag=eloabder-20&linkCode=osi&th=1&psc=1"><img src="https://m.media-amazon.com/images/I/41ZDdyGnPxL._SL500_.jpg" alt="Product Image"></a><p>Mind Reader 2-Tier Desk Organizer with Clamp, Accessory Shelf for Office or Gaming, Office, Metal, White</p><p> -5% 0FF </p><p>$37.99</p><a href="https://www.amazon.com/dp/B0FQ86P4M3?tag=eloabder-20&linkCode=osi&th=1&psc=1">View Product</a></div><div class="product"><a href="https://www.amazon.com/dp/B0BYDGF8DT?tag=eloabder-20&linkCode=osi&th=1&psc=1"><img src="https://m.media-amazon.com/images/I/51sE2GzgVNL._SL500_.jpg" alt="Product Image"></a><p>OPNICE Desk Organizer and Accessories, 4-Tier Desktop File Organizer with Drawer and 2 Pen Holders, Office Desk Accessories, Workspace Organizers for Office Supplies(Black)</p><p> -33% 0FF </p><p>$19.99</p><a href="https://www.amazon.com/dp/B0BYDGF8DT?tag=eloabder-20&linkCode=osi&th=1&psc=1">View Product</a></div><div class="product"><a href="https://www.amazon.com/dp/B0DJKSMV2T?tag=eloabder-20&linkCode=osi&th=1&psc=1"><img src="https://m.media-amazon.com/images/I/41gO3CCIg1L._SL500_.jpg" alt="Product Image"></a><p>gianotter Dual Monitor Stand Riser, Desk Organizer With Drawer and 2 Pen Holders, Computer Monitor Stand, Shelf for Top of Desk, Black</p><p> -28% 0FF </p><p>$25.99</p><a href="https://www.amazon.com/dp/B0DJKSMV2T?tag=eloabder-20&linkCode=osi&th=1&psc=1">View Product</a></div><div class="product"><a href="https://www.amazon.com/dp/B0BWTT3WK1?tag=eloabder-20&linkCode=osi&th=1&psc=1"><img src="https://m.media-amazon.com/images/I/51JTe2SjicL._SL500_.jpg" alt="Product Image"></a><p>gianotter Desk Organizers and Accessories with File Holder, 4-Tier Desk Accessories & Workspace Organizers with Drawer and 2 Pen Holder, Paper Organizer for Office Supplies (Rose Gold)</p><p> -27% 0FF </p><p>$23.99</p><a href="https://www.amazon.com/dp/B0BWTT3WK1?tag=eloabder-20&linkCode=osi&th=1&psc=1">View Product</a></div><div class="product"><a href="https://www.amazon.com/dp/B09QKDY1YY?tag=eloabder-20&linkCode=osi&th=1&psc=1"><img src="https://m.media-amazon.com/images/I/519UVM73B6L._SL500_.jpg" alt="Product Image"></a><p>Supeasy 5 Trays Paper Organizer Letter Tray with Handle-Mesh Desk File Organizer, Paper Sorter Desk Organizer for Office, Home or School</p><p> -17% 0FF </p><p>$19.99</p><a href="https://www.amazon.com/dp/B09QKDY1YY?tag=eloabder-20&linkCode=osi&th=1&psc=1">View Product</a></div><div class="product"><a href="https://www.amazon.com/dp/B08PBFKGJG?tag=eloabder-20&linkCode=osi&th=1&psc=1"><img src="https://m.media-amazon.com/images/I/61WfW0WLsqL._SL500_.jpg" alt="Product Image"></a><p>Marbrasse 6 Tier Paper Organizer Letter Tray - Mesh Desk File Organizer with Handle, Paper Sorter Organizer for Letter/A4 Office File Folder Holder - Black</p><p> -23% 0FF </p><p>$19.98</p><a href="https://www.amazon.com/dp/B08PBFKGJG?tag=eloabder-20&linkCode=osi&th=1&psc=1">View Product</a></div><div class="product"><a href="https://www.amazon.com/dp/B09K5927B5?tag=eloabder-20&linkCode=osi&th=1&psc=1"><img src="https://m.media-amazon.com/images/I/51u5tZ4jR6L._SL500_.jpg" alt="Product Image"></a><p>Marbrasse Desk Organizer with File Holder, 5-Tier Paper Letter Tray Organizer with Drawer and 2 Pen Holder, Mesh Desktop Organizer and Storage with Magazine Holder for Office Supplies(Black)</p><p> -24% 0FF </p><p>$33.99</p><a href="https://www.amazon.com/dp/B09K5927B5?tag=eloabder-20&linkCode=osi&th=1&psc=1">View Product</a></div>
<div class="product"><a href="https://www.amazon.com/dp/B0CNXF7SVS?tag=eloabder-20&linkCode=osi&th=1&psc=1"><img src="https://m.media-amazon.com/images/I/51a6EswyTZL._SL500_.jpg" alt="Product Image"></a><p>Manalete Drawer Organizers Set of 15, 4 Sizes Clear Plastic Drawer Organizers and Storage Bins for Kitchen, Bathroom, Office, Dresser Desk Drawer Organizer Tray for Jewelry, Makeup, Junk, Gadgets</p><p> -29% 0FF </p><p>$9.99</p><a href="https://www.amazon.com/dp/B0CNXF7SVS?tag=eloabder-20&linkCode=osi&th=1&psc=1">View Product</a></div><div class="product"><a href="https://www.amazon.com/dp/B0CCY5X6SS?tag=eloabder-20&linkCode=osi&th=1&psc=1"><img src="https://m.media-amazon.com/images/I/41Iye-vPXJL._SL500_.jpg" alt="Product Image"></a><p>Bamboo Drawer Organizer Set, 5 PCS Multi-Use Individual Wood Storage Organizers, Junk Drawer Divider and Storage Trays Containers for Kitchen, Bathroom, Office Desk, Makeup, Jewelry, Utensils</p><p> -20% 0FF </p><p>$19.99 ($4.00 / Count)</p><a href="https://www.amazon.com/dp/B0CCY5X6SS?tag=eloabder-20&linkCode=osi&th=1&psc=1">View Product</a></div><div class="product"><a href="https://www.amazon.com/dp/B0CCDJQ7MM?tag=eloabder-20&linkCode=osi&th=1&psc=1"><img src="https://m.media-amazon.com/images/I/51kU0WJxdsL._SL500_.jpg" alt="Product Image"></a><p>Marbrasse Expandable Desk Drawer Organizer, Mesh Drawer Organizer Tray with 10 Adjustable Compartments, Desk Organizers and Accessories, 5 Dividers Drawer for Office Supplies, Makeup & Vanity (Black)</p><p> -15% 0FF </p><p>$17.84</p><a href="https://www.amazon.com/dp/B0CCDJQ7MM?tag=eloabder-20&linkCode=osi&th=1&psc=1">View Product</a></div><div class="product"><a href="https://www.amazon.com/dp/B0DM27MBZN?tag=eloabder-20&linkCode=osi&th=1&psc=1"><img src="https://m.media-amazon.com/images/I/41hAfSMnrZL._SL500_.jpg" alt="Product Image"></a><p>ElegantArray 12 PCS Drawer Organizer Set, 4 Sizes Storage Drawer Units, Clear Plastic Makeup Vanity Organizer and Storage Bins for Makeup, Stationeries, Multiple Gadgets for Bathroom, Office, Bedroom</p><p> -31% 0FF </p><p>$8.99</p><a href="https://www.amazon.com/dp/B0DM27MBZN?tag=eloabder-20&linkCode=osi&th=1&psc=1">View Product</a></div>
<div class="product"><a href="https://www.amazon.com/dp/B0C4T42TPC?tag=eloabder-20&linkCode=osi&th=1&psc=1"><img src="https://m.media-amazon.com/images/I/318IsyAsPXL._SL500_.jpg" alt="Product Image"></a><p>Adjustable Mobile CPU Stand, Ventilated Computer Tower Stand with 4 Caster Wheels Fits Most PC Tower, Under Desk CPU Holder PC Floor Cart Computer Riser for Gamers and Students (Black)</p><p> -21% 0FF </p><p>$14.21</p><a href="https://www.amazon.com/dp/B0C4T42TPC?tag=eloabder-20&linkCode=osi&th=1&psc=1">View Product</a></div><div class="product"><a href="https://www.amazon.com/dp/B094QTGHNZ?tag=eloabder-20&linkCode=osi&th=1&psc=1"><img src="https://m.media-amazon.com/images/I/31VzBQ+jwWL._SL500_.jpg" alt="Product Image"></a><p>WALI Computer Monitor Stand for Desk, Adjustable Laptop Riser, Desk Monitor Stand Underneath Storage for Office, Home, School Supplies (STT003), 1 Pack, Black</p><p> -32% 0FF </p><p>$16.99</p><a href="https://www.amazon.com/dp/B094QTGHNZ?tag=eloabder-20&linkCode=osi&th=1&psc=1">View Product</a></div><div class="product"><a href="https://www.amazon.com/dp/B07H4DMLVH?tag=eloabder-20&linkCode=osi&th=1&psc=1"><img src="https://m.media-amazon.com/images/I/31eTfKhpSWL._SL500_.jpg" alt="Product Image"></a><p>HUANUO Monitor Stand, Monitor Stand Riser 3 Height Adjustable, Monitor Riser with Airflow Vents, Laptop Stand for Desk, Laptop Riser, Desk Organizer for Monitor, 15.6" Laptop, PC, Printer</p><p> -11% 0FF </p><p>$15.19</p><a href="https://www.amazon.com/dp/B07H4DMLVH?tag=eloabder-20&linkCode=osi&th=1&psc=1">View Product</a></div><div class="product"><a href="https://www.amazon.com/dp/B0D69W6H91?tag=eloabder-20&linkCode=osi&th=1&psc=1"><img src="https://m.media-amazon.com/images/I/51rQI+gi3lL._SL500_.jpg" alt="Product Image"></a><p>JANE EYRE Computer Tower Stand - Adjustable PC Tower Stand CPU Holder Cart with Charging Station for Office Home Classroom,23.03"-28.3" H, black</p><p> -10% 0FF </p><p>$53.99</p><a href="https://www.amazon.com/dp/B0D69W6H91?tag=eloabder-20&linkCode=osi&th=1&psc=1">View Product</a></div><div class="product"><a href="https://www.amazon.com/dp/B0C4T34L9Y?tag=eloabder-20&linkCode=osi&th=1&psc=1"><img src="https://m.media-amazon.com/images/I/51BNMGXNOEL._SL500_.jpg" alt="Product Image"></a><p>BONTEC Wooden Monitor Stand Riser, 2-Tier Desk Shelf with Storage Organizer, Ergonomic Computer Stand with Cable Management, Cellphone Holder, White, 16.5 Inch</p><p> -33% 0FF </p><p>$18.04</p><a href="https://www.amazon.com/dp/B0C4T34L9Y?tag=eloabder-20&linkCode=osi&th=1&psc=1">View Product</a></div><div class="product"><a href="https://www.amazon.com/dp/B08BRCT4JH?tag=eloabder-20&linkCode=osi&th=1&psc=1"><img src="https://m.media-amazon.com/images/I/41Ga6A+cXbL._SL500_.jpg" alt="Product Image"></a><p>BESIGN LS03 Aluminum Laptop Stand, Ergonomic Detachable Computer Stand, Notebook Riser Compatible with Air, Pro, Dell, HP, Lenovo More 10-15.6" Laptops, Silver</p><p> -25% 0FF </p><p>$14.98</p><a href="https://www.amazon.com/dp/B08BRCT4JH?tag=eloabder-20&linkCode=osi&th=1&psc=1">View Product</a></div>
<div class="product"><a href="https://www.amazon.com/dp/B07Q79ZZJ6?tag=eloabder-20&linkCode=osi&th=1&psc=1"><img src="https://m.media-amazon.com/images/I/31-LBzENQIL._SL500_.jpg" alt="Product Image"></a><p>Single LCD Computer Monitor Free-Standing Desk Stand Mount Riser for 13 inch to 32 inch screen with Swivel, Height Adjustable, Rotation, Vesa Base Stand Holds One (1) Screen up to 77Lbs(HT05B-001))</p><p> -34% 0FF </p><p>$21.99</p><a href="https://www.amazon.com/dp/B07Q79ZZJ6?tag=eloabder-20&linkCode=osi&th=1&psc=1">View Product</a></div><div class="product"><a href="https://www.amazon.com/dp/B082845XM8?tag=eloabder-20&linkCode=osi&th=1&psc=1"><img src="https://m.media-amazon.com/images/I/41uRH1B7HgL._SL500_.jpg" alt="Product Image"></a><p>Dual Monitor Stand - Vertical Stack Screen Free-Standing Monitor Riser Fits Two 13 to 34 Inch Screen with Swivel, Tilt, Height Adjustable, Holds One (1) Screen Up to 44Lbs</p><p> -5% 0FF </p><p>$31.56</p><a href="https://www.amazon.com/dp/B082845XM8?tag=eloabder-20&linkCode=osi&th=1&psc=1">View Product</a></div><div class="product"><a href="https://www.amazon.com/dp/B00X4SCCFG?tag=eloabder-20&linkCode=osi&th=1&psc=1"><img src="https://m.media-amazon.com/images/I/21X2klzUZGL._SL500_.jpg" alt="Product Image"></a><p>Amazon Basics Height Adjustable Rectangular Computer Monitor Riser Desk Stand with Storage for Reduced Neck Strain - Fits Monitors, Laptops Up to 22lbs, Black</p><p> -35% 0FF </p><p>$14.06</p><a href="https://www.amazon.com/dp/B00X4SCCFG?tag=eloabder-20&linkCode=osi&th=1&psc=1">View Product</a></div>
<div class="product"><a href="https://www.amazon.com/dp/B07HFDJCSL?tag=eloabder-20&linkCode=osi&th=1&psc=1"><img src="https://m.media-amazon.com/images/I/41DR7qY1naL._SL500_.jpg" alt="Product Image"></a><p>VIVO Large Keyboard Tray Under Desk Pull Out with Extra Sturdy C Clamp Mount System, 27 (33 Including Clamps) x 11 Inch Slide-Out Platform Computer Drawer for Typing, Black, MOUNT-KB05E</p><p> -17% 0FF </p><p>$49.99</p><a href="https://www.amazon.com/dp/B07HFDJCSL?tag=eloabder-20&linkCode=osi&th=1&psc=1">View Product</a></div><div class="product"><a href="https://www.amazon.com/dp/B082NKBM62?tag=eloabder-20&linkCode=osi&th=1&psc=1"><img src="https://m.media-amazon.com/images/I/41qQ3p9-mrL._SL500_.jpg" alt="Product Image"></a><p>HUANUO Keyboard Tray Under Desk, 360 Adjustable Ergonomic Sliding Keyboard & Mouse Tray, Under Desk Keyboard Tray Slide Out, Keyboard Holder Under Desk for Typing in Home, Office Work, 25"W x 9.84"D</p><p> -33% 0FF </p><p>$59.98</p><a href="https://www.amazon.com/dp/B082NKBM62?tag=eloabder-20&linkCode=osi&th=1&psc=1">View Product</a></div><div class="product"><a href="https://www.amazon.com/dp/B0F23GTKHL?tag=eloabder-20&linkCode=osi&th=1&psc=1"><img src="https://m.media-amazon.com/images/I/41dmHoeznDL._SL500_.jpg" alt="Product Image"></a><p>Zontera Ergonomic Mouse & Keyboard Tray Under Desk, Pull Out with Adjustable C-clamp, 20 (25.9 Including Clamps) x 11.8 Inch Slide Out Computer Keyboard Drawer Mouse Tray for Typing, Black</p><p> -7% 0FF </p><p>$25.99</p><a href="https://www.amazon.com/dp/B0F23GTKHL?tag=eloabder-20&linkCode=osi&th=1&psc=1">View Product</a></div><div class="product"><a href="https://www.amazon.com/dp/B01IIGMBVI?tag=eloabder-20&linkCode=osi&th=1&psc=1"><img src="https://m.media-amazon.com/images/I/21Vw8003F0L._SL500_.jpg" alt="Product Image"></a><p>Alera ALE Valencia Series Underdesk Keyboard/Mouse Shelf, 28w x 12d, Black</p><p> -50% 0FF </p><p>$29.22</p><a href="https://www.amazon.com/dp/B01IIGMBVI?tag=eloabder-20&linkCode=osi&th=1&psc=1">View Product</a></div>
<div class="product"><a href="https://www.amazon.com/dp/B07C3XZMC6?tag=eloabder-20&linkCode=osi&th=1&psc=1"><img src="https://m.media-amazon.com/images/I/31Eojf7glwL._SL500_.jpg" alt="Product Image"></a><p>JIKIOU 3 Pack Mouse Pad with Stitched Edge, Comfortable Mouse Pads with Non-Slip Rubber Base, Washable Mousepads Bulk with Comfortable Cloth, Mouse Pads for Computers Laptop Mouse 10.2x8.3inch Black</p><p> -29% 0FF </p><p>$7.99</p><a href="https://www.amazon.com/dp/B07C3XZMC6?tag=eloabder-20&linkCode=osi&th=1&psc=1">View Product</a></div><div class="product"><a href="https://www.amazon.com/dp/B085XRMSTT?tag=eloabder-20&linkCode=osi&th=1&psc=1"><img src="https://m.media-amazon.com/images/I/31aDSI0sFoL._SL500_.jpg" alt="Product Image"></a><p>EooCoo Ergonomic Mouse Pad with Wrist Support, Mousepad with Memory Foam Wrist Rest and Non-Slip Base for Computer, Cafe, Home & Office, 9.64 x 8.26 in Office Desk Accessories</p><p> -36% 0FF </p><p>$6.99</p><a href="https://www.amazon.com/dp/B085XRMSTT?tag=eloabder-20&linkCode=osi&th=1&psc=1">View Product</a></div>
<div class="product"><a href="https://www.amazon.com/dp/B0BRCJL4MM?tag=eloabder-20&linkCode=osi&th=1&psc=1"><img src="https://m.media-amazon.com/images/I/41sggzaNbPL._SL500_.jpg" alt="Product Image"></a><p>Led Desk Lamp for Office Home - Eye Caring Architect lamp with Clamp,Dual Screen Computer Monitor Gooseneck Smart Light: 24W 5 Color Flexible Adjustable Lighting Table Lamp for Study Drafting</p><p> -13% 0FF </p><p>$69.99</p><a href="https://www.amazon.com/dp/B0BRCJL4MM?tag=eloabder-20&linkCode=osi&th=1&psc=1">View Product</a></div><div class="product"><a href="https://www.amazon.com/dp/B0BNHNG5CY?tag=eloabder-20&linkCode=osi&th=1&psc=1"><img src="https://m.media-amazon.com/images/I/51ccmdZe2YL._SL500_.jpg" alt="Product Image"></a><p>Micomlan Led Desk Lamp with Clamp, Architect Desk Lamp for Home Office with Atmosphere Lighting, 24W Ultra Bright Auto Dimming Computer Light Stepless Dimming and Tempering LED Table Light</p><p> -27% 0FF </p><p>$49.99</p><a href="https://www.amazon.com/dp/B0BNHNG5CY?tag=eloabder-20&linkCode=osi&th=1&psc=1">View Product</a></div><div class="product"><a href="https://www.amazon.com/dp/B078W61H9P?tag=eloabder-20&linkCode=osi&th=1&psc=1"><img src="https://m.media-amazon.com/images/I/31aebwb3nqL._SL500_.jpg" alt="Product Image"></a><p>LEPOWER Metal Desk Lamp, Eye-Caring Table Lamp, Study Lamps with Flexible Goose Neck for Bedroom, Home Office (Matte Black)</p><p> -24% 0FF </p><p>$24.99</p><a href="https://www.amazon.com/dp/B078W61H9P?tag=eloabder-20&linkCode=osi&th=1&psc=1">View Product</a></div><div class="product"><a href="https://www.amazon.com/dp/B0D1DLY4H4?tag=eloabder-20&linkCode=osi&th=1&psc=1"><img src="https://m.media-amazon.com/images/I/41sKiuSIwRL._SL500_.jpg" alt="Product Image"></a><p>SKYLEO Led Desk Lamp - Desk Light for 31.5" Tall - 5 Color Modes X 11 Brightness Levels - Adjustable Swing Arm - Timmer & Memory Function - 12W Lamp for Desk - Black</p><p> -23% 0FF </p><p>$19.99</p><a href="https://www.amazon.com/dp/B0D1DLY4H4?tag=eloabder-20&linkCode=osi&th=1&psc=1">View Product</a></div><div class="product"><a href="https://www.amazon.com/dp/B0D2LGK82V?tag=eloabder-20&linkCode=osi&th=1&psc=1"><img src="https://m.media-amazon.com/images/I/41UpQ-qygDL._SL500_.jpg" alt="Product Image"></a><p>Addtam LED Desk Lamp, Power Strip with 3 Outlets 4 USB Charging Ports(2 USBC), 4 Modes 5 Level Brightness Touch Lamp, Small Desk Lamp for Home Office College Dorm Room Essentials</p><p> -23% 0FF </p><p>$16.99</p><a href="https://www.amazon.com/dp/B0D2LGK82V?tag=eloabder-20&linkCode=osi&th=1&psc=1">View Product</a></div><div class="product"><a href="https://www.amazon.com/dp/B08LMTQ7ZF?tag=eloabder-20&linkCode=osi&th=1&psc=1"><img src="https://m.media-amazon.com/images/I/21vKPX2KHML._SL500_.jpg" alt="Product Image"></a><p>Lepro LED Desk Lamp for Home Office, 9.5W 750LM Metal Touch Control Desk Light, 5 Color Modes 5 Brightness Level, Eye Caring Task Lamp For Reading, Sewing, Crafts, School Supplies, Puzzle Light, Black</p><p> -13% 0FF </p><p>$24.99</p><a href="https://www.amazon.com/dp/B08LMTQ7ZF?tag=eloabder-20&linkCode=osi&th=1&psc=1">View Product</a></div>

<div class="product"><a href="https://www.amazon.com/dp/B0033J6V3A?tag=eloabder-20&linkCode=osi&th=1&psc=1"><img src="https://m.media-amazon.com/images/I/21o5ASbichL._SL500_.jpg" alt="Product Image"></a><p>NuSparc 2 Drawer Locking Filing Cabinet | Pre-Assembled Steel Construction | Space-Saving Design is Perfect for Home and Small Office | Letter-Size | Assembled in North America</p><p> -14% 0FF </p><p>$76.99</p><a href="https://www.amazon.com/dp/B0033J6V3A?tag=eloabder-20&linkCode=osi&th=1&psc=1">View Product</a></div><div class="product"><a href="https://www.amazon.com/dp/B0D9XYD75W?tag=eloabder-20&linkCode=osi&th=1&psc=1"><img src="https://m.media-amazon.com/images/I/31VM3xK++PL._SL500_.jpg" alt="Product Image"></a><p>BYNSOE 2 Drawer File Cabinet with Lock Vertical Filing Storage Cabinet Office Home Steel Vertical File Cabinets for Letter Size File Cabinet Locked,Assembly Required</p><p> -8% 0FF </p><p>$54.99</p><a href="https://www.amazon.com/dp/B0D9XYD75W?tag=eloabder-20&linkCode=osi&th=1&psc=1">View Product</a></div><div class="product"><a href="https://www.amazon.com/dp/B0989HLF81?tag=eloabder-20&linkCode=osi&th=1&psc=1"><img src="https://m.media-amazon.com/images/I/51vzgnkbcjL._SL500_.jpg" alt="Product Image"></a><p>DEVAISE 3 Drawer Mobile File Cabinet, Wood Lateral Filing Cabinet, Printer Stand with Open Shelves for Home Office, Rustic Brown</p><p> -21% 0FF </p><p>$74.99</p><a href="https://www.amazon.com/dp/B0989HLF81?tag=eloabder-20&linkCode=osi&th=1&psc=1">View Product</a></div>
<div class="product"><a href="https://www.amazon.com/dp/B00006RSQD?tag=eloabder-20&linkCode=osi&th=1&psc=1"><img src="https://m.media-amazon.com/images/I/315rez3KpeL._SL500_.jpg" alt="Product Image"></a><p>Bush Business Furniture Series C 36W Tall 5 Shelf Bookcase in Hansen Cherry, Large Storage and Display Bookshelf for Home or Professional Office</p><p> -8% 0FF </p><p>$239.49</p><a href="https://www.amazon.com/dp/B00006RSQD?tag=eloabder-20&linkCode=osi&th=1&psc=1">View Product</a></div>
<div class="product"><a href="https://www.amazon.com/dp/B09F6JPYSY?tag=eloabder-20&linkCode=osi&th=1&psc=1"><img src="https://m.media-amazon.com/images/I/51fGLH7lhHL._SL500_.jpg" alt="Product Image"></a><p>SPACELEAD Slim Storage Cart 3 Tier,Bathroom Organizer Rolling Utility,Mobile Shelving Unit Slide Out for Office, Kitchen, Laundry Room & Narrow Places,Black</p><p> -30% 0FF </p><p>$20.99</p><a href="https://www.amazon.com/dp/B09F6JPYSY?tag=eloabder-20&linkCode=osi&th=1&psc=1">View Product</a></div><div class="product"><a href="https://www.amazon.com/dp/B08KFTVGQY?tag=eloabder-20&linkCode=osi&th=1&psc=1"><img src="https://m.media-amazon.com/images/I/51BjUEmGaiL._SL500_.jpg" alt="Product Image"></a><p>SONGMICS Cube Storage Organizer, Set of 16 Plastic Cubes, Closet Organizers and Storage, Room Organization, Bedroom Living Room, 12.2 x 48.4 x 48.4 Inches, Rustic Brown ULPC442A01</p><p> -15% 0FF </p><p>$46.99</p><a href="https://www.amazon.com/dp/B08KFTVGQY?tag=eloabder-20&linkCode=osi&th=1&psc=1">View Product</a></div><div class="product"><a href="https://www.amazon.com/dp/B0DG359YX5?tag=eloabder-20&linkCode=osi&th=1&psc=1"><img src="https://m.media-amazon.com/images/I/41OBXL4HJdL._SL500_.jpg" alt="Product Image"></a><p>VIVO Clamp-on 13 inch Above or Below Desk 2-Tier Shelving Unit for Table Accessories, Gaming Devices, and More, Storage Tray, Desktop Organizer, Rustic Vintage Brown, STAND-SHELF2C-N</p><p> -20% 0FF </p><p>$39.99</p><a href="https://www.amazon.com/dp/B0DG359YX5?tag=eloabder-20&linkCode=osi&th=1&psc=1">View Product</a></div><div class="product"><a href="https://www.amazon.com/dp/B0D7S5GGP6?tag=eloabder-20&linkCode=osi&th=1&psc=1"><img src="https://m.media-amazon.com/images/I/51EriWG2BLL._SL500_.jpg" alt="Product Image"></a><p>C&AHOME Wire Cube Storage, 9 - Cube Organizer Metal C Grids, Modular Shelves Units, Closet Organizer, Ideal for Home, Office, Living Room, 36.6”L x 12.4”W x 48.4”H, Silver Gray UWCS3009G</p><p> -33% 0FF </p><p>$28.87</p><a href="https://www.amazon.com/dp/B0D7S5GGP6?tag=eloabder-20&linkCode=osi&th=1&psc=1">View Product</a></div>
<div class="product"><a href="https://www.amazon.com/dp/B0B1M6ML2J?tag=eloabder-20&linkCode=osi&th=1&psc=1"><img src="https://m.media-amazon.com/images/I/51pX2Qo38JL._SL500_.jpg" alt="Product Image"></a><p>WOWBOX 25 PCS Clear Plastic Drawer Organizer Set, 4 Sizes Desk Drawer Divider Organizers and Storage Bins for Makeup, Jewelry, Gadgets for Kitchen, Bedroom, Bathroom, Office</p><p> -35% 0FF </p><p>$16.13 ($0.65 / Count)</p><a href="https://www.amazon.com/dp/B0B1M6ML2J?tag=eloabder-20&linkCode=osi&th=1&psc=1">View Product</a></div><div class="product"><a href="https://www.amazon.com/dp/B0DB8F7GDN?tag=eloabder-20&linkCode=osi&th=1&psc=1"><img src="https://m.media-amazon.com/images/I/51iOtKHzvCL._SL500_.jpg" alt="Product Image"></a><p>OPNICE Desk Organizer and Accessories, 2-Tier Computer Monitor Stand Riser with Drawer and 2 Pen Holders, Laptop Stand, Office Desk Accessories for Office Supplies, Black</p><p> -27% 0FF </p><p>$21.99</p><a href="https://www.amazon.com/dp/B0DB8F7GDN?tag=eloabder-20&linkCode=osi&th=1&psc=1">View Product</a></div><div class="product"><a href="https://www.amazon.com/dp/B0FQ86P4M3?tag=eloabder-20&linkCode=osi&th=1&psc=1"><img src="https://m.media-amazon.com/images/I/41ZDdyGnPxL._SL500_.jpg" alt="Product Image"></a><p>Mind Reader 2-Tier Desk Organizer with Clamp, Accessory Shelf for Office or Gaming, Office, Metal, White</p><p> -5% 0FF </p><p>$37.99</p><a href="https://www.amazon.com/dp/B0FQ86P4M3?tag=eloabder-20&linkCode=osi&th=1&psc=1">View Product</a></div><div class="product"><a href="https://www.amazon.com/dp/B0BYDGF8DT?tag=eloabder-20&linkCode=osi&th=1&psc=1"><img src="https://m.media-amazon.com/images/I/51sE2GzgVNL._SL500_.jpg" alt="Product Image"></a><p>OPNICE Desk Organizer and Accessories, 4-Tier Desktop File Organizer with Drawer and 2 Pen Holders, Office Desk Accessories, Workspace Organizers for Office Supplies(Black)</p><p> -33% 0FF </p><p>$19.99</p><a href="https://www.amazon.com/dp/B0BYDGF8DT?tag=eloabder-20&linkCode=osi&th=1&psc=1">View Product</a></div><div class="product"><a href="https://www.amazon.com/dp/B0DJKSMV2T?tag=eloabder-20&linkCode=osi&th=1&psc=1"><img src="https://m.media-amazon.com/images/I/41gO3CCIg1L._SL500_.jpg" alt="Product Image"></a><p>gianotter Dual Monitor Stand Riser, Desk Organizer With Drawer and 2 Pen Holders, Computer Monitor Stand, Shelf for Top of Desk, Black</p><p> -28% 0FF </p><p>$25.99</p><a href="https://www.amazon.com/dp/B0DJKSMV2T?tag=eloabder-20&linkCode=osi&th=1&psc=1">View Product</a></div><div class="product"><a href="https://www.amazon.com/dp/B0BWTT3WK1?tag=eloabder-20&linkCode=osi&th=1&psc=1"><img src="https://m.media-amazon.com/images/I/51JTe2SjicL._SL500_.jpg" alt="Product Image"></a><p>gianotter Desk Organizers and Accessories with File Holder, 4-Tier Desk Accessories & Workspace Organizers with Drawer and 2 Pen Holder, Paper Organizer for Office Supplies (Rose Gold)</p><p> -27% 0FF </p><p>$23.99</p><a href="https://www.amazon.com/dp/B0BWTT3WK1?tag=eloabder-20&linkCode=osi&th=1&psc=1">View Product</a></div><div class="product"><a href="https://www.amazon.com/dp/B09QKDY1YY?tag=eloabder-20&linkCode=osi&th=1&psc=1"><img src="https://m.media-amazon.com/images/I/519UVM73B6L._SL500_.jpg" alt="Product Image"></a><p>Supeasy 5 Trays Paper Organizer Letter Tray with Handle-Mesh Desk File Organizer, Paper Sorter Desk Organizer for Office, Home or School</p><p> -17% 0FF </p><p>$19.99</p><a href="https://www.amazon.com/dp/B09QKDY1YY?tag=eloabder-20&linkCode=osi&th=1&psc=1">View Product</a></div><div class="product"><a href="https://www.amazon.com/dp/B08PBFKGJG?tag=eloabder-20&linkCode=osi&th=1&psc=1"><img src="https://m.media-amazon.com/images/I/61WfW0WLsqL._SL500_.jpg" alt="Product Image"></a><p>Marbrasse 6 Tier Paper Organizer Letter Tray - Mesh Desk File Organizer with Handle, Paper Sorter Organizer for Letter/A4 Office File Folder Holder - Black</p><p> -23% 0FF </p><p>$19.98</p><a href="https://www.amazon.com/dp/B08PBFKGJG?tag=eloabder-20&linkCode=osi&th=1&psc=1">View Product</a></div><div class="product"><a href="https://www.amazon.com/dp/B09K5927B5?tag=eloabder-20&linkCode=osi&th=1&psc=1"><img src="https://m.media-amazon.com/images/I/51u5tZ4jR6L._SL500_.jpg" alt="Product Image"></a><p>Marbrasse Desk Organizer with File Holder, 5-Tier Paper Letter Tray Organizer with Drawer and 2 Pen Holder, Mesh Desktop Organizer and Storage with Magazine Holder for Office Supplies(Black)</p><p> -24% 0FF </p><p>$33.99</p><a href="https://www.amazon.com/dp/B09K5927B5?tag=eloabder-20&linkCode=osi&th=1&psc=1">View Product</a></div>
<div class="product"><a href="https://www.amazon.com/dp/B0CNXF7SVS?tag=eloabder-20&linkCode=osi&th=1&psc=1"><img src="https://m.media-amazon.com/images/I/51a6EswyTZL._SL500_.jpg" alt="Product Image"></a><p>Manalete Drawer Organizers Set of 15, 4 Sizes Clear Plastic Drawer Organizers and Storage Bins for Kitchen, Bathroom, Office, Dresser Desk Drawer Organizer Tray for Jewelry, Makeup, Junk, Gadgets</p><p> -29% 0FF </p><p>$9.99</p><a href="https://www.amazon.com/dp/B0CNXF7SVS?tag=eloabder-20&linkCode=osi&th=1&psc=1">View Product</a></div><div class="product"><a href="https://www.amazon.com/dp/B0CCY5X6SS?tag=eloabder-20&linkCode=osi&th=1&psc=1"><img src="https://m.media-amazon.com/images/I/41Iye-vPXJL._SL500_.jpg" alt="Product Image"></a><p>Bamboo Drawer Organizer Set, 5 PCS Multi-Use Individual Wood Storage Organizers, Junk Drawer Divider and Storage Trays Containers for Kitchen, Bathroom, Office Desk, Makeup, Jewelry, Utensils</p><p> -20% 0FF </p><p>$19.99 ($4.00 / Count)</p><a href="https://www.amazon.com/dp/B0CCY5X6SS?tag=eloabder-20&linkCode=osi&th=1&psc=1">View Product</a></div><div class="product"><a href="https://www.amazon.com/dp/B0CCDJQ7MM?tag=eloabder-20&linkCode=osi&th=1&psc=1"><img src="https://m.media-amazon.com/images/I/51kU0WJxdsL._SL500_.jpg" alt="Product Image"></a><p>Marbrasse Expandable Desk Drawer Organizer, Mesh Drawer Organizer Tray with 10 Adjustable Compartments, Desk Organizers and Accessories, 5 Dividers Drawer for Office Supplies, Makeup & Vanity (Black)</p><p> -15% 0FF </p><p>$17.84</p><a href="https://www.amazon.com/dp/B0CCDJQ7MM?tag=eloabder-20&linkCode=osi&th=1&psc=1">View Product</a></div><div class="product"><a href="https://www.amazon.com/dp/B0DM27MBZN?tag=eloabder-20&linkCode=osi&th=1&psc=1"><img src="https://m.media-amazon.com/images/I/41hAfSMnrZL._SL500_.jpg" alt="Product Image"></a><p>ElegantArray 12 PCS Drawer Organizer Set, 4 Sizes Storage Drawer Units, Clear Plastic Makeup Vanity Organizer and Storage Bins for Makeup, Stationeries, Multiple Gadgets for Bathroom, Office, Bedroom</p><p> -31% 0FF </p><p>$8.99</p><a href="https://www.amazon.com/dp/B0DM27MBZN?tag=eloabder-20&linkCode=osi&th=1&psc=1">View Product</a></div>
<div class="product"><a href="https://www.amazon.com/dp/B0C4T42TPC?tag=eloabder-20&linkCode=osi&th=1&psc=1"><img src="https://m.media-amazon.com/images/I/318IsyAsPXL._SL500_.jpg" alt="Product Image"></a><p>Adjustable Mobile CPU Stand, Ventilated Computer Tower Stand with 4 Caster Wheels Fits Most PC Tower, Under Desk CPU Holder PC Floor Cart Computer Riser for Gamers and Students (Black)</p><p> -21% 0FF </p><p>$14.21</p><a href="https://www.amazon.com/dp/B0C4T42TPC?tag=eloabder-20&linkCode=osi&th=1&psc=1">View Product</a></div><div class="product"><a href="https://www.amazon.com/dp/B094QTGHNZ?tag=eloabder-20&linkCode=osi&th=1&psc=1"><img src="https://m.media-amazon.com/images/I/31VzBQ+jwWL._SL500_.jpg" alt="Product Image"></a><p>WALI Computer Monitor Stand for Desk, Adjustable Laptop Riser, Desk Monitor Stand Underneath Storage for Office, Home, School Supplies (STT003), 1 Pack, Black</p><p> -32% 0FF </p><p>$16.99</p><a href="https://www.amazon.com/dp/B094QTGHNZ?tag=eloabder-20&linkCode=osi&th=1&psc=1">View Product</a></div><div class="product"><a href="https://www.amazon.com/dp/B07H4DMLVH?tag=eloabder-20&linkCode=osi&th=1&psc=1"><img src="https://m.media-amazon.com/images/I/31eTfKhpSWL._SL500_.jpg" alt="Product Image"></a><p>HUANUO Monitor Stand, Monitor Stand Riser 3 Height Adjustable, Monitor Riser with Airflow Vents, Laptop Stand for Desk, Laptop Riser, Desk Organizer for Monitor, 15.6" Laptop, PC, Printer</p><p> -11% 0FF </p><p>$15.19</p><a href="https://www.amazon.com/dp/B07H4DMLVH?tag=eloabder-20&linkCode=osi&th=1&psc=1">View Product</a></div><div class="product"><a href="https://www.amazon.com/dp/B0D69W6H91?tag=eloabder-20&linkCode=osi&th=1&psc=1"><img src="https://m.media-amazon.com/images/I/51rQI+gi3lL._SL500_.jpg" alt="Product Image"></a><p>JANE EYRE Computer Tower Stand - Adjustable PC Tower Stand CPU Holder Cart with Charging Station for Office Home Classroom,23.03"-28.3" H, black</p><p> -10% 0FF </p><p>$53.99</p><a href="https://www.amazon.com/dp/B0D69W6H91?tag=eloabder-20&linkCode=osi&th=1&psc=1">View Product</a></div><div class="product"><a href="https://www.amazon.com/dp/B0C4T34L9Y?tag=eloabder-20&linkCode=osi&th=1&psc=1"><img src="https://m.media-amazon.com/images/I/51BNMGXNOEL._SL500_.jpg" alt="Product Image"></a><p>BONTEC Wooden Monitor Stand Riser, 2-Tier Desk Shelf with Storage Organizer, Ergonomic Computer Stand with Cable Management, Cellphone Holder, White, 16.5 Inch</p><p> -33% 0FF </p><p>$18.04</p><a href="https://www.amazon.com/dp/B0C4T34L9Y?tag=eloabder-20&linkCode=osi&th=1&psc=1">View Product</a></div><div class="product"><a href="https://www.amazon.com/dp/B08BRCT4JH?tag=eloabder-20&linkCode=osi&th=1&psc=1"><img src="https://m.media-amazon.com/images/I/41Ga6A+cXbL._SL500_.jpg" alt="Product Image"></a><p>BESIGN LS03 Aluminum Laptop Stand, Ergonomic Detachable Computer Stand, Notebook Riser Compatible with Air, Pro, Dell, HP, Lenovo More 10-15.6" Laptops, Silver</p><p> -25% 0FF </p><p>$14.98</p><a href="https://www.amazon.com/dp/B08BRCT4JH?tag=eloabder-20&linkCode=osi&th=1&psc=1">View Product</a></div>
<div class="product"><a href="https://www.amazon.com/dp/B07Q79ZZJ6?tag=eloabder-20&linkCode=osi&th=1&psc=1"><img src="https://m.media-amazon.com/images/I/31-LBzENQIL._SL500_.jpg" alt="Product Image"></a><p>Single LCD Computer Monitor Free-Standing Desk Stand Mount Riser for 13 inch to 32 inch screen with Swivel, Height Adjustable, Rotation, Vesa Base Stand Holds One (1) Screen up to 77Lbs(HT05B-001))</p><p> -34% 0FF </p><p>$21.99</p><a href="https://www.amazon.com/dp/B07Q79ZZJ6?tag=eloabder-20&linkCode=osi&th=1&psc=1">View Product</a></div><div class="product"><a href="https://www.amazon.com/dp/B082845XM8?tag=eloabder-20&linkCode=osi&th=1&psc=1"><img src="https://m.media-amazon.com/images/I/41uRH1B7HgL._SL500_.jpg" alt="Product Image"></a><p>Dual Monitor Stand - Vertical Stack Screen Free-Standing Monitor Riser Fits Two 13 to 34 Inch Screen with Swivel, Tilt, Height Adjustable, Holds One (1) Screen Up to 44Lbs</p><p> -5% 0FF </p><p>$31.56</p><a href="https://www.amazon.com/dp/B082845XM8?tag=eloabder-20&linkCode=osi&th=1&psc=1">View Product</a></div><div class="product"><a href="https://www.amazon.com/dp/B00X4SCCFG?tag=eloabder-20&linkCode=osi&th=1&psc=1"><img src="https://m.media-amazon.com/images/I/21X2klzUZGL._SL500_.jpg" alt="Product Image"></a><p>Amazon Basics Height Adjustable Rectangular Computer Monitor Riser Desk Stand with Storage for Reduced Neck Strain - Fits Monitors, Laptops Up to 22lbs, Black</p><p> -35% 0FF </p><p>$14.06</p><a href="https://www.amazon.com/dp/B00X4SCCFG?tag=eloabder-20&linkCode=osi&th=1&psc=1">View Product</a></div>
<div class="product"><a href="https://www.amazon.com/dp/B07HFDJCSL?tag=eloabder-20&linkCode=osi&th=1&psc=1"><img src="https://m.media-amazon.com/images/I/41DR7qY1naL._SL500_.jpg" alt="Product Image"></a><p>VIVO Large Keyboard Tray Under Desk Pull Out with Extra Sturdy C Clamp Mount System, 27 (33 Including Clamps) x 11 Inch Slide-Out Platform Computer Drawer for Typing, Black, MOUNT-KB05E</p><p> -17% 0FF </p><p>$49.99</p><a href="https://www.amazon.com/dp/B07HFDJCSL?tag=eloabder-20&linkCode=osi&th=1&psc=1">View Product</a></div><div class="product"><a href="https://www.amazon.com/dp/B082NKBM62?tag=eloabder-20&linkCode=osi&th=1&psc=1"><img src="https://m.media-amazon.com/images/I/41qQ3p9-mrL._SL500_.jpg" alt="Product Image"></a><p>HUANUO Keyboard Tray Under Desk, 360 Adjustable Ergonomic Sliding Keyboard & Mouse Tray, Under Desk Keyboard Tray Slide Out, Keyboard Holder Under Desk for Typing in Home, Office Work, 25"W x 9.84"D</p><p> -33% 0FF </p><p>$59.98</p><a href="https://www.amazon.com/dp/B082NKBM62?tag=eloabder-20&linkCode=osi&th=1&psc=1">View Product</a></div><div class="product"><a href="https://www.amazon.com/dp/B0F23GTKHL?tag=eloabder-20&linkCode=osi&th=1&psc=1"><img src="https://m.media-amazon.com/images/I/41dmHoeznDL._SL500_.jpg" alt="Product Image"></a><p>Zontera Ergonomic Mouse & Keyboard Tray Under Desk, Pull Out with Adjustable C-clamp, 20 (25.9 Including Clamps) x 11.8 Inch Slide Out Computer Keyboard Drawer Mouse Tray for Typing, Black</p><p> -7% 0FF </p><p>$25.99</p><a href="https://www.amazon.com/dp/B0F23GTKHL?tag=eloabder-20&linkCode=osi&th=1&psc=1">View Product</a></div><div class="product"><a href="https://www.amazon.com/dp/B01IIGMBVI?tag=eloabder-20&linkCode=osi&th=1&psc=1"><img src="https://m.media-amazon.com/images/I/21Vw8003F0L._SL500_.jpg" alt="Product Image"></a><p>Alera ALE Valencia Series Underdesk Keyboard/Mouse Shelf, 28w x 12d, Black</p><p> -50% 0FF </p><p>$29.22</p><a href="https://www.amazon.com/dp/B01IIGMBVI?tag=eloabder-20&linkCode=osi&th=1&psc=1">View Product</a></div>
<div class="product"><a href="https://www.amazon.com/dp/B07C3XZMC6?tag=eloabder-20&linkCode=osi&th=1&psc=1"><img src="https://m.media-amazon.com/images/I/31Eojf7glwL._SL500_.jpg" alt="Product Image"></a><p>JIKIOU 3 Pack Mouse Pad with Stitched Edge, Comfortable Mouse Pads with Non-Slip Rubber Base, Washable Mousepads Bulk with Comfortable Cloth, Mouse Pads for Computers Laptop Mouse 10.2x8.3inch Black</p><p> -29% 0FF </p><p>$7.99</p><a href="https://www.amazon.com/dp/B07C3XZMC6?tag=eloabder-20&linkCode=osi&th=1&psc=1">View Product</a></div><div class="product"><a href="https://www.amazon.com/dp/B085XRMSTT?tag=eloabder-20&linkCode=osi&th=1&psc=1"><img src="https://m.media-amazon.com/images/I/31aDSI0sFoL._SL500_.jpg" alt="Product Image"></a><p>EooCoo Ergonomic Mouse Pad with Wrist Support, Mousepad with Memory Foam Wrist Rest and Non-Slip Base for Computer, Cafe, Home & Office, 9.64 x 8.26 in Office Desk Accessories</p><p> -36% 0FF </p><p>$6.99</p><a href="https://www.amazon.com/dp/B085XRMSTT?tag=eloabder-20&linkCode=osi&th=1&psc=1">View Product</a></div>
<div class="product"><a href="https://www.amazon.com/dp/B0BRCJL4MM?tag=eloabder-20&linkCode=osi&th=1&psc=1"><img src="https://m.media-amazon.com/images/I/41sggzaNbPL._SL500_.jpg" alt="Product Image"></a><p>Led Desk Lamp for Office Home - Eye Caring Architect lamp with Clamp,Dual Screen Computer Monitor Gooseneck Smart Light: 24W 5 Color Flexible Adjustable Lighting Table Lamp for Study Drafting</p><p> -13% 0FF </p><p>$69.99</p><a href="https://www.amazon.com/dp/B0BRCJL4MM?tag=eloabder-20&linkCode=osi&th=1&psc=1">View Product</a></div><div class="product"><a href="https://www.amazon.com/dp/B0BNHNG5CY?tag=eloabder-20&linkCode=osi&th=1&psc=1"><img src="https://m.media-amazon.com/images/I/51ccmdZe2YL._SL500_.jpg" alt="Product Image"></a><p>Micomlan Led Desk Lamp with Clamp, Architect Desk Lamp for Home Office with Atmosphere Lighting, 24W Ultra Bright Auto Dimming Computer Light Stepless Dimming and Tempering LED Table Light</p><p> -27% 0FF </p><p>$49.99</p><a href="https://www.amazon.com/dp/B0BNHNG5CY?tag=eloabder-20&linkCode=osi&th=1&psc=1">View Product</a></div><div class="product"><a href="https://www.amazon.com/dp/B078W61H9P?tag=eloabder-20&linkCode=osi&th=1&psc=1"><img src="https://m.media-amazon.com/images/I/31aebwb3nqL._SL500_.jpg" alt="Product Image"></a><p>LEPOWER Metal Desk Lamp, Eye-Caring Table Lamp, Study Lamps with Flexible Goose Neck for Bedroom, Home Office (Matte Black)</p><p> -24% 0FF </p><p>$24.99</p><a href="https://www.amazon.com/dp/B078W61H9P?tag=eloabder-20&linkCode=osi&th=1&psc=1">View Product</a></div><div class="product"><a href="https://www.amazon.com/dp/B0D1DLY4H4?tag=eloabder-20&linkCode=osi&th=1&psc=1"><img src="https://m.media-amazon.com/images/I/41sKiuSIwRL._SL500_.jpg" alt="Product Image"></a><p>SKYLEO Led Desk Lamp - Desk Light for 31.5" Tall - 5 Color Modes X 11 Brightness Levels - Adjustable Swing Arm - Timmer & Memory Function - 12W Lamp for Desk - Black</p><p> -23% 0FF </p><p>$19.99</p><a href="https://www.amazon.com/dp/B0D1DLY4H4?tag=eloabder-20&linkCode=osi&th=1&psc=1">View Product</a></div><div class="product"><a href="https://www.amazon.com/dp/B0D2LGK82V?tag=eloabder-20&linkCode=osi&th=1&psc=1"><img src="https://m.media-amazon.com/images/I/41UpQ-qygDL._SL500_.jpg" alt="Product Image"></a><p>Addtam LED Desk Lamp, Power Strip with 3 Outlets 4 USB Charging Ports(2 USBC), 4 Modes 5 Level Brightness Touch Lamp, Small Desk Lamp for Home Office College Dorm Room Essentials</p><p> -23% 0FF </p><p>$16.99</p><a href="https://www.amazon.com/dp/B0D2LGK82V?tag=eloabder-20&linkCode=osi&th=1&psc=1">View Product</a></div><div class="product"><a href="https://www.amazon.com/dp/B08LMTQ7ZF?tag=eloabder-20&linkCode=osi&th=1&psc=1"><img src="https://m.media-amazon.com/images/I/21vKPX2KHML._SL500_.jpg" alt="Product Image"></a><p>Lepro LED Desk Lamp for Home Office, 9.5W 750LM Metal Touch Control Desk Light, 5 Color Modes 5 Brightness Level, Eye Caring Task Lamp For Reading, Sewing, Crafts, School Supplies, Puzzle Light, Black</p><p> -13% 0FF </p><p>$24.99</p><a href="https://www.amazon.com/dp/B08LMTQ7ZF?tag=eloabder-20&linkCode=osi&th=1&psc=1">View Product</a></div>
<div class="product"><a href="https://www.amazon.com/dp/B0D7BXNDP4?tag=eloabder-20&linkCode=osi&th=1&psc=1"><img src="https://m.media-amazon.com/images/I/41DuEunZ1+L._SL500_.jpg" alt="Product Image"></a><p>Monitor Fan with Clamp & Light Bar Desk Lamp with fan for Office mini Desk fan small quiet with lamp for PC Laptops Tablet for Home Office Portable Working Reading Stand Lamp</p><p> -5% 0FF </p><p>$15.19</p><a href="https://www.amazon.com/dp/B0D7BXNDP4?tag=eloabder-20&linkCode=osi&th=1&psc=1">View Product</a></div><div class="product"><a href="https://www.amazon.com/dp/B07K1D41DC?tag=eloabder-20&linkCode=osi&th=1&psc=1"><img src="https://m.media-amazon.com/images/I/310MAouNV-L._SL500_.jpg" alt="Product Image"></a><p>OttLite Cool Breeze LED Lamp with Bladeless Fan - 3 Speed Options & 5 Brightness Settings with Energy Efficient Natural Daylight LEDs - Desktop, Table or Nightstand Lamp for Studying or Reading</p><p> -14% 0FF </p><p>$89.98</p><a href="https://www.amazon.com/dp/B07K1D41DC?tag=eloabder-20&linkCode=osi&th=1&psc=1">View Product</a></div>

<div class="product"><a href="https://www.amazon.com/dp/B0033J6V3A?tag=eloabder-20&linkCode=osi&th=1&psc=1"><img src="https://m.media-amazon.com/images/I/21o5ASbichL._SL500_.jpg" alt="Product Image"></a><p>NuSparc 2 Drawer Locking Filing Cabinet | Pre-Assembled Steel Construction | Space-Saving Design is Perfect for Home and Small Office | Letter-Size | Assembled in North America</p><p> -14% 0FF </p><p>$76.99</p><a href="https://www.amazon.com/dp/B0033J6V3A?tag=eloabder-20&linkCode=osi&th=1&psc=1">View Product</a></div><div class="product"><a href="https://www.amazon.com/dp/B0D9XYD75W?tag=eloabder-20&linkCode=osi&th=1&psc=1"><img src="https://m.media-amazon.com/images/I/31VM3xK++PL._SL500_.jpg" alt="Product Image"></a><p>BYNSOE 2 Drawer File Cabinet with Lock Vertical Filing Storage Cabinet Office Home Steel Vertical File Cabinets for Letter Size File Cabinet Locked,Assembly Required</p><p> -8% 0FF </p><p>$54.99</p><a href="https://www.amazon.com/dp/B0D9XYD75W?tag=eloabder-20&linkCode=osi&th=1&psc=1">View Product</a></div><div class="product"><a href="https://www.amazon.com/dp/B0989HLF81?tag=eloabder-20&linkCode=osi&th=1&psc=1"><img src="https://m.media-amazon.com/images/I/51vzgnkbcjL._SL500_.jpg" alt="Product Image"></a><p>DEVAISE 3 Drawer Mobile File Cabinet, Wood Lateral Filing Cabinet, Printer Stand with Open Shelves for Home Office, Rustic Brown</p><p> -21% 0FF </p><p>$74.99</p><a href="https://www.amazon.com/dp/B0989HLF81?tag=eloabder-20&linkCode=osi&th=1&psc=1">View Product</a></div>
<div class="product"><a href="https://www.amazon.com/dp/B00006RSQD?tag=eloabder-20&linkCode=osi&th=1&psc=1"><img src="https://m.media-amazon.com/images/I/315rez3KpeL._SL500_.jpg" alt="Product Image"></a><p>Bush Business Furniture Series C 36W Tall 5 Shelf Bookcase in Hansen Cherry, Large Storage and Display Bookshelf for Home or Professional Office</p><p> -8% 0FF </p><p>$239.49</p><a href="https://www.amazon.com/dp/B00006RSQD?tag=eloabder-20&linkCode=osi&th=1&psc=1">View Product</a></div>
<div class="product"><a href="https://www.amazon.com/dp/B09F6JPYSY?tag=eloabder-20&linkCode=osi&th=1&psc=1"><img src="https://m.media-amazon.com/images/I/51fGLH7lhHL._SL500_.jpg" alt="Product Image"></a><p>SPACELEAD Slim Storage Cart 3 Tier,Bathroom Organizer Rolling Utility,Mobile Shelving Unit Slide Out for Office, Kitchen, Laundry Room & Narrow Places,Black</p><p> -30% 0FF </p><p>$20.99</p><a href="https://www.amazon.com/dp/B09F6JPYSY?tag=eloabder-20&linkCode=osi&th=1&psc=1">View Product</a></div><div class="product"><a href="https://www.amazon.com/dp/B08KFTVGQY?tag=eloabder-20&linkCode=osi&th=1&psc=1"><img src="https://m.media-amazon.com/images/I/51BjUEmGaiL._SL500_.jpg" alt="Product Image"></a><p>SONGMICS Cube Storage Organizer, Set of 16 Plastic Cubes, Closet Organizers and Storage, Room Organization, Bedroom Living Room, 12.2 x 48.4 x 48.4 Inches, Rustic Brown ULPC442A01</p><p> -15% 0FF </p><p>$46.99</p><a href="https://www.amazon.com/dp/B08KFTVGQY?tag=eloabder-20&linkCode=osi&th=1&psc=1">View Product</a></div><div class="product"><a href="https://www.amazon.com/dp/B0DG359YX5?tag=eloabder-20&linkCode=osi&th=1&psc=1"><img src="https://m.media-amazon.com/images/I/41OBXL4HJdL._SL500_.jpg" alt="Product Image"></a><p>VIVO Clamp-on 13 inch Above or Below Desk 2-Tier Shelving Unit for Table Accessories, Gaming Devices, and More, Storage Tray, Desktop Organizer, Rustic Vintage Brown, STAND-SHELF2C-N</p><p> -20% 0FF </p><p>$39.99</p><a href="https://www.amazon.com/dp/B0DG359YX5?tag=eloabder-20&linkCode=osi&th=1&psc=1">View Product</a></div><div class="product"><a href="https://www.amazon.com/dp/B0D7S5GGP6?tag=eloabder-20&linkCode=osi&th=1&psc=1"><img src="https://m.media-amazon.com/images/I/51EriWG2BLL._SL500_.jpg" alt="Product Image"></a><p>C&AHOME Wire Cube Storage, 9 - Cube Organizer Metal C Grids, Modular Shelves Units, Closet Organizer, Ideal for Home, Office, Living Room, 36.6”L x 12.4”W x 48.4”H, Silver Gray UWCS3009G</p><p> -33% 0FF </p><p>$28.87</p><a href="https://www.amazon.com/dp/B0D7S5GGP6?tag=eloabder-20&linkCode=osi&th=1&psc=1">View Product</a></div>
<div class="product"><a href="https://www.amazon.com/dp/B0B1M6ML2J?tag=eloabder-20&linkCode=osi&th=1&psc=1"><img src="https://m.media-amazon.com/images/I/51pX2Qo38JL._SL500_.jpg" alt="Product Image"></a><p>WOWBOX 25 PCS Clear Plastic Drawer Organizer Set, 4 Sizes Desk Drawer Divider Organizers and Storage Bins for Makeup, Jewelry, Gadgets for Kitchen, Bedroom, Bathroom, Office</p><p> -35% 0FF </p><p>$16.13 ($0.65 / Count)</p><a href="https://www.amazon.com/dp/B0B1M6ML2J?tag=eloabder-20&linkCode=osi&th=1&psc=1">View Product</a></div><div class="product"><a href="https://www.amazon.com/dp/B0DB8F7GDN?tag=eloabder-20&linkCode=osi&th=1&psc=1"><img src="https://m.media-amazon.com/images/I/51iOtKHzvCL._SL500_.jpg" alt="Product Image"></a><p>OPNICE Desk Organizer and Accessories, 2-Tier Computer Monitor Stand Riser with Drawer and 2 Pen Holders, Laptop Stand, Office Desk Accessories for Office Supplies, Black</p><p> -27% 0FF </p><p>$21.99</p><a href="https://www.amazon.com/dp/B0DB8F7GDN?tag=eloabder-20&linkCode=osi&th=1&psc=1">View Product</a></div><div class="product"><a href="https://www.amazon.com/dp/B0FQ86P4M3?tag=eloabder-20&linkCode=osi&th=1&psc=1"><img src="https://m.media-amazon.com/images/I/41ZDdyGnPxL._SL500_.jpg" alt="Product Image"></a><p>Mind Reader 2-Tier Desk Organizer with Clamp, Accessory Shelf for Office or Gaming, Office, Metal, White</p><p> -5% 0FF </p><p>$37.99</p><a href="https://www.amazon.com/dp/B0FQ86P4M3?tag=eloabder-20&linkCode=osi&th=1&psc=1">View Product</a></div><div class="product"><a href="https://www.amazon.com/dp/B0BYDGF8DT?tag=eloabder-20&linkCode=osi&th=1&psc=1"><img src="https://m.media-amazon.com/images/I/51sE2GzgVNL._SL500_.jpg" alt="Product Image"></a><p>OPNICE Desk Organizer and Accessories, 4-Tier Desktop File Organizer with Drawer and 2 Pen Holders, Office Desk Accessories, Workspace Organizers for Office Supplies(Black)</p><p> -33% 0FF </p><p>$19.99</p><a href="https://www.amazon.com/dp/B0BYDGF8DT?tag=eloabder-20&linkCode=osi&th=1&psc=1">View Product</a></div><div class="product"><a href="https://www.amazon.com/dp/B0DJKSMV2T?tag=eloabder-20&linkCode=osi&th=1&psc=1"><img src="https://m.media-amazon.com/images/I/41gO3CCIg1L._SL500_.jpg" alt="Product Image"></a><p>gianotter Dual Monitor Stand Riser, Desk Organizer With Drawer and 2 Pen Holders, Computer Monitor Stand, Shelf for Top of Desk, Black</p><p> -28% 0FF </p><p>$25.99</p><a href="https://www.amazon.com/dp/B0DJKSMV2T?tag=eloabder-20&linkCode=osi&th=1&psc=1">View Product</a></div><div class="product"><a href="https://www.amazon.com/dp/B0BWTT3WK1?tag=eloabder-20&linkCode=osi&th=1&psc=1"><img src="https://m.media-amazon.com/images/I/51JTe2SjicL._SL500_.jpg" alt="Product Image"></a><p>gianotter Desk Organizers and Accessories with File Holder, 4-Tier Desk Accessories & Workspace Organizers with Drawer and 2 Pen Holder, Paper Organizer for Office Supplies (Rose Gold)</p><p> -27% 0FF </p><p>$23.99</p><a href="https://www.amazon.com/dp/B0BWTT3WK1?tag=eloabder-20&linkCode=osi&th=1&psc=1">View Product</a></div><div class="product"><a href="https://www.amazon.com/dp/B09QKDY1YY?tag=eloabder-20&linkCode=osi&th=1&psc=1"><img src="https://m.media-amazon.com/images/I/519UVM73B6L._SL500_.jpg" alt="Product Image"></a><p>Supeasy 5 Trays Paper Organizer Letter Tray with Handle-Mesh Desk File Organizer, Paper Sorter Desk Organizer for Office, Home or School</p><p> -17% 0FF </p><p>$19.99</p><a href="https://www.amazon.com/dp/B09QKDY1YY?tag=eloabder-20&linkCode=osi&th=1&psc=1">View Product</a></div><div class="product"><a href="https://www.amazon.com/dp/B08PBFKGJG?tag=eloabder-20&linkCode=osi&th=1&psc=1"><img src="https://m.media-amazon.com/images/I/61WfW0WLsqL._SL500_.jpg" alt="Product Image"></a><p>Marbrasse 6 Tier Paper Organizer Letter Tray - Mesh Desk File Organizer with Handle, Paper Sorter Organizer for Letter/A4 Office File Folder Holder - Black</p><p> -23% 0FF </p><p>$19.98</p><a href="https://www.amazon.com/dp/B08PBFKGJG?tag=eloabder-20&linkCode=osi&th=1&psc=1">View Product</a></div><div class="product"><a href="https://www.amazon.com/dp/B09K5927B5?tag=eloabder-20&linkCode=osi&th=1&psc=1"><img src="https://m.media-amazon.com/images/I/51u5tZ4jR6L._SL500_.jpg" alt="Product Image"></a><p>Marbrasse Desk Organizer with File Holder, 5-Tier Paper Letter Tray Organizer with Drawer and 2 Pen Holder, Mesh Desktop Organizer and Storage with Magazine Holder for Office Supplies(Black)</p><p> -24% 0FF </p><p>$33.99</p><a href="https://www.amazon.com/dp/B09K5927B5?tag=eloabder-20&linkCode=osi&th=1&psc=1">View Product</a></div>
<div class="product"><a href="https://www.amazon.com/dp/B0CNXF7SVS?tag=eloabder-20&linkCode=osi&th=1&psc=1"><img src="https://m.media-amazon.com/images/I/51a6EswyTZL._SL500_.jpg" alt="Product Image"></a><p>Manalete Drawer Organizers Set of 15, 4 Sizes Clear Plastic Drawer Organizers and Storage Bins for Kitchen, Bathroom, Office, Dresser Desk Drawer Organizer Tray for Jewelry, Makeup, Junk, Gadgets</p><p> -29% 0FF </p><p>$9.99</p><a href="https://www.amazon.com/dp/B0CNXF7SVS?tag=eloabder-20&linkCode=osi&th=1&psc=1">View Product</a></div><div class="product"><a href="https://www.amazon.com/dp/B0CCY5X6SS?tag=eloabder-20&linkCode=osi&th=1&psc=1"><img src="https://m.media-amazon.com/images/I/41Iye-vPXJL._SL500_.jpg" alt="Product Image"></a><p>Bamboo Drawer Organizer Set, 5 PCS Multi-Use Individual Wood Storage Organizers, Junk Drawer Divider and Storage Trays Containers for Kitchen, Bathroom, Office Desk, Makeup, Jewelry, Utensils</p><p> -20% 0FF </p><p>$19.99 ($4.00 / Count)</p><a href="https://www.amazon.com/dp/B0CCY5X6SS?tag=eloabder-20&linkCode=osi&th=1&psc=1">View Product</a></div><div class="product"><a href="https://www.amazon.com/dp/B0CCDJQ7MM?tag=eloabder-20&linkCode=osi&th=1&psc=1"><img src="https://m.media-amazon.com/images/I/51kU0WJxdsL._SL500_.jpg" alt="Product Image"></a><p>Marbrasse Expandable Desk Drawer Organizer, Mesh Drawer Organizer Tray with 10 Adjustable Compartments, Desk Organizers and Accessories, 5 Dividers Drawer for Office Supplies, Makeup & Vanity (Black)</p><p> -15% 0FF </p><p>$17.84</p><a href="https://www.amazon.com/dp/B0CCDJQ7MM?tag=eloabder-20&linkCode=osi&th=1&psc=1">View Product</a></div><div class="product"><a href="https://www.amazon.com/dp/B0DM27MBZN?tag=eloabder-20&linkCode=osi&th=1&psc=1"><img src="https://m.media-amazon.com/images/I/41hAfSMnrZL._SL500_.jpg" alt="Product Image"></a><p>ElegantArray 12 PCS Drawer Organizer Set, 4 Sizes Storage Drawer Units, Clear Plastic Makeup Vanity Organizer and Storage Bins for Makeup, Stationeries, Multiple Gadgets for Bathroom, Office, Bedroom</p><p> -31% 0FF </p><p>$8.99</p><a href="https://www.amazon.com/dp/B0DM27MBZN?tag=eloabder-20&linkCode=osi&th=1&psc=1">View Product</a></div>
<div class="product"><a href="https://www.amazon.com/dp/B0C4T42TPC?tag=eloabder-20&linkCode=osi&th=1&psc=1"><img src="https://m.media-amazon.com/images/I/318IsyAsPXL._SL500_.jpg" alt="Product Image"></a><p>Adjustable Mobile CPU Stand, Ventilated Computer Tower Stand with 4 Caster Wheels Fits Most PC Tower, Under Desk CPU Holder PC Floor Cart Computer Riser for Gamers and Students (Black)</p><p> -21% 0FF </p><p>$14.21</p><a href="https://www.amazon.com/dp/B0C4T42TPC?tag=eloabder-20&linkCode=osi&th=1&psc=1">View Product</a></div><div class="product"><a href="https://www.amazon.com/dp/B094QTGHNZ?tag=eloabder-20&linkCode=osi&th=1&psc=1"><img src="https://m.media-amazon.com/images/I/31VzBQ+jwWL._SL500_.jpg" alt="Product Image"></a><p>WALI Computer Monitor Stand for Desk, Adjustable Laptop Riser, Desk Monitor Stand Underneath Storage for Office, Home, School Supplies (STT003), 1 Pack, Black</p><p> -32% 0FF </p><p>$16.99</p><a href="https://www.amazon.com/dp/B094QTGHNZ?tag=eloabder-20&linkCode=osi&th=1&psc=1">View Product</a></div><div class="product"><a href="https://www.amazon.com/dp/B07H4DMLVH?tag=eloabder-20&linkCode=osi&th=1&psc=1"><img src="https://m.media-amazon.com/images/I/31eTfKhpSWL._SL500_.jpg" alt="Product Image"></a><p>HUANUO Monitor Stand, Monitor Stand Riser 3 Height Adjustable, Monitor Riser with Airflow Vents, Laptop Stand for Desk, Laptop Riser, Desk Organizer for Monitor, 15.6" Laptop, PC, Printer</p><p> -11% 0FF </p><p>$15.19</p><a href="https://www.amazon.com/dp/B07H4DMLVH?tag=eloabder-20&linkCode=osi&th=1&psc=1">View Product</a></div><div class="product"><a href="https://www.amazon.com/dp/B0D69W6H91?tag=eloabder-20&linkCode=osi&th=1&psc=1"><img src="https://m.media-amazon.com/images/I/51rQI+gi3lL._SL500_.jpg" alt="Product Image"></a><p>JANE EYRE Computer Tower Stand - Adjustable PC Tower Stand CPU Holder Cart with Charging Station for Office Home Classroom,23.03"-28.3" H, black</p><p> -10% 0FF </p><p>$53.99</p><a href="https://www.amazon.com/dp/B0D69W6H91?tag=eloabder-20&linkCode=osi&th=1&psc=1">View Product</a></div><div class="product"><a href="https://www.amazon.com/dp/B0C4T34L9Y?tag=eloabder-20&linkCode=osi&th=1&psc=1"><img src="https://m.media-amazon.com/images/I/51BNMGXNOEL._SL500_.jpg" alt="Product Image"></a><p>BONTEC Wooden Monitor Stand Riser, 2-Tier Desk Shelf with Storage Organizer, Ergonomic Computer Stand with Cable Management, Cellphone Holder, White, 16.5 Inch</p><p> -33% 0FF </p><p>$18.04</p><a href="https://www.amazon.com/dp/B0C4T34L9Y?tag=eloabder-20&linkCode=osi&th=1&psc=1">View Product</a></div><div class="product"><a href="https://www.amazon.com/dp/B08BRCT4JH?tag=eloabder-20&linkCode=osi&th=1&psc=1"><img src="https://m.media-amazon.com/images/I/41Ga6A+cXbL._SL500_.jpg" alt="Product Image"></a><p>BESIGN LS03 Aluminum Laptop Stand, Ergonomic Detachable Computer Stand, Notebook Riser Compatible with Air, Pro, Dell, HP, Lenovo More 10-15.6" Laptops, Silver</p><p> -25% 0FF </p><p>$14.98</p><a href="https://www.amazon.com/dp/B08BRCT4JH?tag=eloabder-20&linkCode=osi&th=1&psc=1">View Product</a></div>
<div class="product"><a href="https://www.amazon.com/dp/B07Q79ZZJ6?tag=eloabder-20&linkCode=osi&th=1&psc=1"><img src="https://m.media-amazon.com/images/I/31-LBzENQIL._SL500_.jpg" alt="Product Image"></a><p>Single LCD Computer Monitor Free-Standing Desk Stand Mount Riser for 13 inch to 32 inch screen with Swivel, Height Adjustable, Rotation, Vesa Base Stand Holds One (1) Screen up to 77Lbs(HT05B-001))</p><p> -34% 0FF </p><p>$21.99</p><a href="https://www.amazon.com/dp/B07Q79ZZJ6?tag=eloabder-20&linkCode=osi&th=1&psc=1">View Product</a></div><div class="product"><a href="https://www.amazon.com/dp/B082845XM8?tag=eloabder-20&linkCode=osi&th=1&psc=1"><img src="https://m.media-amazon.com/images/I/41uRH1B7HgL._SL500_.jpg" alt="Product Image"></a><p>Dual Monitor Stand - Vertical Stack Screen Free-Standing Monitor Riser Fits Two 13 to 34 Inch Screen with Swivel, Tilt, Height Adjustable, Holds One (1) Screen Up to 44Lbs</p><p> -5% 0FF </p><p>$31.56</p><a href="https://www.amazon.com/dp/B082845XM8?tag=eloabder-20&linkCode=osi&th=1&psc=1">View Product</a></div><div class="product"><a href="https://www.amazon.com/dp/B00X4SCCFG?tag=eloabder-20&linkCode=osi&th=1&psc=1"><img src="https://m.media-amazon.com/images/I/21X2klzUZGL._SL500_.jpg" alt="Product Image"></a><p>Amazon Basics Height Adjustable Rectangular Computer Monitor Riser Desk Stand with Storage for Reduced Neck Strain - Fits Monitors, Laptops Up to 22lbs, Black</p><p> -35% 0FF </p><p>$14.06</p><a href="https://www.amazon.com/dp/B00X4SCCFG?tag=eloabder-20&linkCode=osi&th=1&psc=1">View Product</a></div>
<div class="product"><a href="https://www.amazon.com/dp/B07HFDJCSL?tag=eloabder-20&linkCode=osi&th=1&psc=1"><img src="https://m.media-amazon.com/images/I/41DR7qY1naL._SL500_.jpg" alt="Product Image"></a><p>VIVO Large Keyboard Tray Under Desk Pull Out with Extra Sturdy C Clamp Mount System, 27 (33 Including Clamps) x 11 Inch Slide-Out Platform Computer Drawer for Typing, Black, MOUNT-KB05E</p><p> -17% 0FF </p><p>$49.99</p><a href="https://www.amazon.com/dp/B07HFDJCSL?tag=eloabder-20&linkCode=osi&th=1&psc=1">View Product</a></div><div class="product"><a href="https://www.amazon.com/dp/B082NKBM62?tag=eloabder-20&linkCode=osi&th=1&psc=1"><img src="https://m.media-amazon.com/images/I/41qQ3p9-mrL._SL500_.jpg" alt="Product Image"></a><p>HUANUO Keyboard Tray Under Desk, 360 Adjustable Ergonomic Sliding Keyboard & Mouse Tray, Under Desk Keyboard Tray Slide Out, Keyboard Holder Under Desk for Typing in Home, Office Work, 25"W x 9.84"D</p><p> -33% 0FF </p><p>$59.98</p><a href="https://www.amazon.com/dp/B082NKBM62?tag=eloabder-20&linkCode=osi&th=1&psc=1">View Product</a></div><div class="product"><a href="https://www.amazon.com/dp/B0F23GTKHL?tag=eloabder-20&linkCode=osi&th=1&psc=1"><img src="https://m.media-amazon.com/images/I/41dmHoeznDL._SL500_.jpg" alt="Product Image"></a><p>Zontera Ergonomic Mouse & Keyboard Tray Under Desk, Pull Out with Adjustable C-clamp, 20 (25.9 Including Clamps) x 11.8 Inch Slide Out Computer Keyboard Drawer Mouse Tray for Typing, Black</p><p> -7% 0FF </p><p>$25.99</p><a href="https://www.amazon.com/dp/B0F23GTKHL?tag=eloabder-20&linkCode=osi&th=1&psc=1">View Product</a></div><div class="product"><a href="https://www.amazon.com/dp/B01IIGMBVI?tag=eloabder-20&linkCode=osi&th=1&psc=1"><img src="https://m.media-amazon.com/images/I/21Vw8003F0L._SL500_.jpg" alt="Product Image"></a><p>Alera ALE Valencia Series Underdesk Keyboard/Mouse Shelf, 28w x 12d, Black</p><p> -50% 0FF </p><p>$29.22</p><a href="https://www.amazon.com/dp/B01IIGMBVI?tag=eloabder-20&linkCode=osi&th=1&psc=1">View Product</a></div>
<div class="product"><a href="https://www.amazon.com/dp/B07C3XZMC6?tag=eloabder-20&linkCode=osi&th=1&psc=1"><img src="https://m.media-amazon.com/images/I/31Eojf7glwL._SL500_.jpg" alt="Product Image"></a><p>JIKIOU 3 Pack Mouse Pad with Stitched Edge, Comfortable Mouse Pads with Non-Slip Rubber Base, Washable Mousepads Bulk with Comfortable Cloth, Mouse Pads for Computers Laptop Mouse 10.2x8.3inch Black</p><p> -29% 0FF </p><p>$7.99</p><a href="https://www.amazon.com/dp/B07C3XZMC6?tag=eloabder-20&linkCode=osi&th=1&psc=1">View Product</a></div><div class="product"><a href="https://www.amazon.com/dp/B085XRMSTT?tag=eloabder-20&linkCode=osi&th=1&psc=1"><img src="https://m.media-amazon.com/images/I/31aDSI0sFoL._SL500_.jpg" alt="Product Image"></a><p>EooCoo Ergonomic Mouse Pad with Wrist Support, Mousepad with Memory Foam Wrist Rest and Non-Slip Base for Computer, Cafe, Home & Office, 9.64 x 8.26 in Office Desk Accessories</p><p> -36% 0FF </p><p>$6.99</p><a href="https://www.amazon.com/dp/B085XRMSTT?tag=eloabder-20&linkCode=osi&th=1&psc=1">View Product</a></div>
<div class="product"><a href="https://www.amazon.com/dp/B0BRCJL4MM?tag=eloabder-20&linkCode=osi&th=1&psc=1"><img src="https://m.media-amazon.com/images/I/41sggzaNbPL._SL500_.jpg" alt="Product Image"></a><p>Led Desk Lamp for Office Home - Eye Caring Architect lamp with Clamp,Dual Screen Computer Monitor Gooseneck Smart Light: 24W 5 Color Flexible Adjustable Lighting Table Lamp for Study Drafting</p><p> -13% 0FF </p><p>$69.99</p><a href="https://www.amazon.com/dp/B0BRCJL4MM?tag=eloabder-20&linkCode=osi&th=1&psc=1">View Product</a></div><div class="product"><a href="https://www.amazon.com/dp/B0BNHNG5CY?tag=eloabder-20&linkCode=osi&th=1&psc=1"><img src="https://m.media-amazon.com/images/I/51ccmdZe2YL._SL500_.jpg" alt="Product Image"></a><p>Micomlan Led Desk Lamp with Clamp, Architect Desk Lamp for Home Office with Atmosphere Lighting, 24W Ultra Bright Auto Dimming Computer Light Stepless Dimming and Tempering LED Table Light</p><p> -27% 0FF </p><p>$49.99</p><a href="https://www.amazon.com/dp/B0BNHNG5CY?tag=eloabder-20&linkCode=osi&th=1&psc=1">View Product</a></div><div class="product"><a href="https://www.amazon.com/dp/B078W61H9P?tag=eloabder-20&linkCode=osi&th=1&psc=1"><img src="https://m.media-amazon.com/images/I/31aebwb3nqL._SL500_.jpg" alt="Product Image"></a><p>LEPOWER Metal Desk Lamp, Eye-Caring Table Lamp, Study Lamps with Flexible Goose Neck for Bedroom, Home Office (Matte Black)</p><p> -24% 0FF </p><p>$24.99</p><a href="https://www.amazon.com/dp/B078W61H9P?tag=eloabder-20&linkCode=osi&th=1&psc=1">View Product</a></div><div class="product"><a href="https://www.amazon.com/dp/B0D1DLY4H4?tag=eloabder-20&linkCode=osi&th=1&psc=1"><img src="https://m.media-amazon.com/images/I/41sKiuSIwRL._SL500_.jpg" alt="Product Image"></a><p>SKYLEO Led Desk Lamp - Desk Light for 31.5" Tall - 5 Color Modes X 11 Brightness Levels - Adjustable Swing Arm - Timmer & Memory Function - 12W Lamp for Desk - Black</p><p> -23% 0FF </p><p>$19.99</p><a href="https://www.amazon.com/dp/B0D1DLY4H4?tag=eloabder-20&linkCode=osi&th=1&psc=1">View Product</a></div><div class="product"><a href="https://www.amazon.com/dp/B0D2LGK82V?tag=eloabder-20&linkCode=osi&th=1&psc=1"><img src="https://m.media-amazon.com/images/I/41UpQ-qygDL._SL500_.jpg" alt="Product Image"></a><p>Addtam LED Desk Lamp, Power Strip with 3 Outlets 4 USB Charging Ports(2 USBC), 4 Modes 5 Level Brightness Touch Lamp, Small Desk Lamp for Home Office College Dorm Room Essentials</p><p> -23% 0FF </p><p>$16.99</p><a href="https://www.amazon.com/dp/B0D2LGK82V?tag=eloabder-20&linkCode=osi&th=1&psc=1">View Product</a></div><div class="product"><a href="https://www.amazon.com/dp/B08LMTQ7ZF?tag=eloabder-20&linkCode=osi&th=1&psc=1"><img src="https://m.media-amazon.com/images/I/21vKPX2KHML._SL500_.jpg" alt="Product Image"></a><p>Lepro LED Desk Lamp for Home Office, 9.5W 750LM Metal Touch Control Desk Light, 5 Color Modes 5 Brightness Level, Eye Caring Task Lamp For Reading, Sewing, Crafts, School Supplies, Puzzle Light, Black</p><p> -13% 0FF </p><p>$24.99</p><a href="https://www.amazon.com/dp/B08LMTQ7ZF?tag=eloabder-20&linkCode=osi&th=1&psc=1">View Product</a></div>
<div class="product"><a href="https://www.amazon.com/dp/B0D7BXNDP4?tag=eloabder-20&linkCode=osi&th=1&psc=1"><img src="https://m.media-amazon.com/images/I/41DuEunZ1+L._SL500_.jpg" alt="Product Image"></a><p>Monitor Fan with Clamp & Light Bar Desk Lamp with fan for Office mini Desk fan small quiet with lamp for PC Laptops Tablet for Home Office Portable Working Reading Stand Lamp</p><p> -5% 0FF </p><p>$15.19</p><a href="https://www.amazon.com/dp/B0D7BXNDP4?tag=eloabder-20&linkCode=osi&th=1&psc=1">View Product</a></div><div class="product"><a href="https://www.amazon.com/dp/B07K1D41DC?tag=eloabder-20&linkCode=osi&th=1&psc=1"><img src="https://m.media-amazon.com/images/I/310MAouNV-L._SL500_.jpg" alt="Product Image"></a><p>OttLite Cool Breeze LED Lamp with Bladeless Fan - 3 Speed Options & 5 Brightness Settings with Energy Efficient Natural Daylight LEDs - Desktop, Table or Nightstand Lamp for Studying or Reading</p><p> -14% 0FF </p><p>$89.98</p><a href="https://www.amazon.com/dp/B07K1D41DC?tag=eloabder-20&linkCode=osi&th=1&psc=1">View Product</a></div>
<div class="product"><a href="https://www.amazon.com/dp/B0CXSXL1F2?tag=eloabder-20&linkCode=osi&th=1&psc=1"><img src="https://m.media-amazon.com/images/I/41H6cndt7iL._SL500_.jpg" alt="Product Image"></a><p>9 Pack Lined Sticky Notes 4x6 in Post Sticky Notes with Lines, 9 Bright Colors Self Sticky Notes Pad Its, Large Ruled Sticky Note for Office, Home, 35 Sheets/Pad</p><p> -33% 0FF </p><p>$7.99</p><a href="https://www.amazon.com/dp/B0CXSXL1F2?tag=eloabder-20&linkCode=osi&th=1&psc=1">View Product</a></div><div class="product"><a href="https://www.amazon.com/dp/B019QROV9S?tag=eloabder-20&linkCode=osi&th=1&psc=1"><img src="https://m.media-amazon.com/images/I/51OsStyntzL._SL500_.jpg" alt="Product Image"></a><p>Sharpie Clear View Highlighter Sticks, Chisel Tip, Assorted Fluorescent, 8 Count - School, Home, and Office Use, Teacher Supplies</p><p> -23% 0FF </p><p>$13.86</p><a href="https://www.amazon.com/dp/B019QROV9S?tag=eloabder-20&linkCode=osi&th=1&psc=1">View Product</a></div>

<div class="product"><a href="https://www.amazon.com/dp/B0033J6V3A?tag=eloabder-20&linkCode=osi&th=1&psc=1"><img src="https://m.media-amazon.com/images/I/21o5ASbichL._SL500_.jpg" alt="Product Image"></a><p>NuSparc 2 Drawer Locking Filing Cabinet | Pre-Assembled Steel Construction | Space-Saving Design is Perfect for Home and Small Office | Letter-Size | Assembled in North America</p><p> -14% 0FF </p><p>$76.99</p><a href="https://www.amazon.com/dp/B0033J6V3A?tag=eloabder-20&linkCode=osi&th=1&psc=1">View Product</a></div><div class="product"><a href="https://www.amazon.com/dp/B0D9XYD75W?tag=eloabder-20&linkCode=osi&th=1&psc=1"><img src="https://m.media-amazon.com/images/I/31VM3xK++PL._SL500_.jpg" alt="Product Image"></a><p>BYNSOE 2 Drawer File Cabinet with Lock Vertical Filing Storage Cabinet Office Home Steel Vertical File Cabinets for Letter Size File Cabinet Locked,Assembly Required</p><p> -8% 0FF </p><p>$54.99</p><a href="https://www.amazon.com/dp/B0D9XYD75W?tag=eloabder-20&linkCode=osi&th=1&psc=1">View Product</a></div><div class="product"><a href="https://www.amazon.com/dp/B0989HLF81?tag=eloabder-20&linkCode=osi&th=1&psc=1"><img src="https://m.media-amazon.com/images/I/51vzgnkbcjL._SL500_.jpg" alt="Product Image"></a><p>DEVAISE 3 Drawer Mobile File Cabinet, Wood Lateral Filing Cabinet, Printer Stand with Open Shelves for Home Office, Rustic Brown</p><p> -21% 0FF </p><p>$74.99</p><a href="https://www.amazon.com/dp/B0989HLF81?tag=eloabder-20&linkCode=osi&th=1&psc=1">View Product</a></div>
<div class="product"><a href="https://www.amazon.com/dp/B00006RSQD?tag=eloabder-20&linkCode=osi&th=1&psc=1"><img src="https://m.media-amazon.com/images/I/315rez3KpeL._SL500_.jpg" alt="Product Image"></a><p>Bush Business Furniture Series C 36W Tall 5 Shelf Bookcase in Hansen Cherry, Large Storage and Display Bookshelf for Home or Professional Office</p><p> -8% 0FF </p><p>$239.49</p><a href="https://www.amazon.com/dp/B00006RSQD?tag=eloabder-20&linkCode=osi&th=1&psc=1">View Product</a></div>
<div class="product"><a href="https://www.amazon.com/dp/B09F6JPYSY?tag=eloabder-20&linkCode=osi&th=1&psc=1"><img src="https://m.media-amazon.com/images/I/51fGLH7lhHL._SL500_.jpg" alt="Product Image"></a><p>SPACELEAD Slim Storage Cart 3 Tier,Bathroom Organizer Rolling Utility,Mobile Shelving Unit Slide Out for Office, Kitchen, Laundry Room & Narrow Places,Black</p><p> -30% 0FF </p><p>$20.99</p><a href="https://www.amazon.com/dp/B09F6JPYSY?tag=eloabder-20&linkCode=osi&th=1&psc=1">View Product</a></div><div class="product"><a href="https://www.amazon.com/dp/B08KFTVGQY?tag=eloabder-20&linkCode=osi&th=1&psc=1"><img src="https://m.media-amazon.com/images/I/51BjUEmGaiL._SL500_.jpg" alt="Product Image"></a><p>SONGMICS Cube Storage Organizer, Set of 16 Plastic Cubes, Closet Organizers and Storage, Room Organization, Bedroom Living Room, 12.2 x 48.4 x 48.4 Inches, Rustic Brown ULPC442A01</p><p> -15% 0FF </p><p>$46.99</p><a href="https://www.amazon.com/dp/B08KFTVGQY?tag=eloabder-20&linkCode=osi&th=1&psc=1">View Product</a></div><div class="product"><a href="https://www.amazon.com/dp/B0DG359YX5?tag=eloabder-20&linkCode=osi&th=1&psc=1"><img src="https://m.media-amazon.com/images/I/41OBXL4HJdL._SL500_.jpg" alt="Product Image"></a><p>VIVO Clamp-on 13 inch Above or Below Desk 2-Tier Shelving Unit for Table Accessories, Gaming Devices, and More, Storage Tray, Desktop Organizer, Rustic Vintage Brown, STAND-SHELF2C-N</p><p> -20% 0FF </p><p>$39.99</p><a href="https://www.amazon.com/dp/B0DG359YX5?tag=eloabder-20&linkCode=osi&th=1&psc=1">View Product</a></div><div class="product"><a href="https://www.amazon.com/dp/B0D7S5GGP6?tag=eloabder-20&linkCode=osi&th=1&psc=1"><img src="https://m.media-amazon.com/images/I/51EriWG2BLL._SL500_.jpg" alt="Product Image"></a><p>C&AHOME Wire Cube Storage, 9 - Cube Organizer Metal C Grids, Modular Shelves Units, Closet Organizer, Ideal for Home, Office, Living Room, 36.6”L x 12.4”W x 48.4”H, Silver Gray UWCS3009G</p><p> -33% 0FF </p><p>$28.87</p><a href="https://www.amazon.com/dp/B0D7S5GGP6?tag=eloabder-20&linkCode=osi&th=1&psc=1">View Product</a></div>
<div class="product"><a href="https://www.amazon.com/dp/B0B1M6ML2J?tag=eloabder-20&linkCode=osi&th=1&psc=1"><img src="https://m.media-amazon.com/images/I/51pX2Qo38JL._SL500_.jpg" alt="Product Image"></a><p>WOWBOX 25 PCS Clear Plastic Drawer Organizer Set, 4 Sizes Desk Drawer Divider Organizers and Storage Bins for Makeup, Jewelry, Gadgets for Kitchen, Bedroom, Bathroom, Office</p><p> -35% 0FF </p><p>$16.13 ($0.65 / Count)</p><a href="https://www.amazon.com/dp/B0B1M6ML2J?tag=eloabder-20&linkCode=osi&th=1&psc=1">View Product</a></div><div class="product"><a href="https://www.amazon.com/dp/B0DB8F7GDN?tag=eloabder-20&linkCode=osi&th=1&psc=1"><img src="https://m.media-amazon.com/images/I/51iOtKHzvCL._SL500_.jpg" alt="Product Image"></a><p>OPNICE Desk Organizer and Accessories, 2-Tier Computer Monitor Stand Riser with Drawer and 2 Pen Holders, Laptop Stand, Office Desk Accessories for Office Supplies, Black</p><p> -27% 0FF </p><p>$21.99</p><a href="https://www.amazon.com/dp/B0DB8F7GDN?tag=eloabder-20&linkCode=osi&th=1&psc=1">View Product</a></div><div class="product"><a href="https://www.amazon.com/dp/B0FQ86P4M3?tag=eloabder-20&linkCode=osi&th=1&psc=1"><img src="https://m.media-amazon.com/images/I/41ZDdyGnPxL._SL500_.jpg" alt="Product Image"></a><p>Mind Reader 2-Tier Desk Organizer with Clamp, Accessory Shelf for Office or Gaming, Office, Metal, White</p><p> -5% 0FF </p><p>$37.99</p><a href="https://www.amazon.com/dp/B0FQ86P4M3?tag=eloabder-20&linkCode=osi&th=1&psc=1">View Product</a></div><div class="product"><a href="https://www.amazon.com/dp/B0BYDGF8DT?tag=eloabder-20&linkCode=osi&th=1&psc=1"><img src="https://m.media-amazon.com/images/I/51sE2GzgVNL._SL500_.jpg" alt="Product Image"></a><p>OPNICE Desk Organizer and Accessories, 4-Tier Desktop File Organizer with Drawer and 2 Pen Holders, Office Desk Accessories, Workspace Organizers for Office Supplies(Black)</p><p> -33% 0FF </p><p>$19.99</p><a href="https://www.amazon.com/dp/B0BYDGF8DT?tag=eloabder-20&linkCode=osi&th=1&psc=1">View Product</a></div><div class="product"><a href="https://www.amazon.com/dp/B0DJKSMV2T?tag=eloabder-20&linkCode=osi&th=1&psc=1"><img src="https://m.media-amazon.com/images/I/41gO3CCIg1L._SL500_.jpg" alt="Product Image"></a><p>gianotter Dual Monitor Stand Riser, Desk Organizer With Drawer and 2 Pen Holders, Computer Monitor Stand, Shelf for Top of Desk, Black</p><p> -28% 0FF </p><p>$25.99</p><a href="https://www.amazon.com/dp/B0DJKSMV2T?tag=eloabder-20&linkCode=osi&th=1&psc=1">View Product</a></div><div class="product"><a href="https://www.amazon.com/dp/B0BWTT3WK1?tag=eloabder-20&linkCode=osi&th=1&psc=1"><img src="https://m.media-amazon.com/images/I/51JTe2SjicL._SL500_.jpg" alt="Product Image"></a><p>gianotter Desk Organizers and Accessories with File Holder, 4-Tier Desk Accessories & Workspace Organizers with Drawer and 2 Pen Holder, Paper Organizer for Office Supplies (Rose Gold)</p><p> -27% 0FF </p><p>$23.99</p><a href="https://www.amazon.com/dp/B0BWTT3WK1?tag=eloabder-20&linkCode=osi&th=1&psc=1">View Product</a></div><div class="product"><a href="https://www.amazon.com/dp/B09QKDY1YY?tag=eloabder-20&linkCode=osi&th=1&psc=1"><img src="https://m.media-amazon.com/images/I/519UVM73B6L._SL500_.jpg" alt="Product Image"></a><p>Supeasy 5 Trays Paper Organizer Letter Tray with Handle-Mesh Desk File Organizer, Paper Sorter Desk Organizer for Office, Home or School</p><p> -17% 0FF </p><p>$19.99</p><a href="https://www.amazon.com/dp/B09QKDY1YY?tag=eloabder-20&linkCode=osi&th=1&psc=1">View Product</a></div><div class="product"><a href="https://www.amazon.com/dp/B08PBFKGJG?tag=eloabder-20&linkCode=osi&th=1&psc=1"><img src="https://m.media-amazon.com/images/I/61WfW0WLsqL._SL500_.jpg" alt="Product Image"></a><p>Marbrasse 6 Tier Paper Organizer Letter Tray - Mesh Desk File Organizer with Handle, Paper Sorter Organizer for Letter/A4 Office File Folder Holder - Black</p><p> -23% 0FF </p><p>$19.98</p><a href="https://www.amazon.com/dp/B08PBFKGJG?tag=eloabder-20&linkCode=osi&th=1&psc=1">View Product</a></div><div class="product"><a href="https://www.amazon.com/dp/B09K5927B5?tag=eloabder-20&linkCode=osi&th=1&psc=1"><img src="https://m.media-amazon.com/images/I/51u5tZ4jR6L._SL500_.jpg" alt="Product Image"></a><p>Marbrasse Desk Organizer with File Holder, 5-Tier Paper Letter Tray Organizer with Drawer and 2 Pen Holder, Mesh Desktop Organizer and Storage with Magazine Holder for Office Supplies(Black)</p><p> -24% 0FF </p><p>$33.99</p><a href="https://www.amazon.com/dp/B09K5927B5?tag=eloabder-20&linkCode=osi&th=1&psc=1">View Product</a></div>
<div class="product"><a href="https://www.amazon.com/dp/B0CNXF7SVS?tag=eloabder-20&linkCode=osi&th=1&psc=1"><img src="https://m.media-amazon.com/images/I/51a6EswyTZL._SL500_.jpg" alt="Product Image"></a><p>Manalete Drawer Organizers Set of 15, 4 Sizes Clear Plastic Drawer Organizers and Storage Bins for Kitchen, Bathroom, Office, Dresser Desk Drawer Organizer Tray for Jewelry, Makeup, Junk, Gadgets</p><p> -29% 0FF </p><p>$9.99</p><a href="https://www.amazon.com/dp/B0CNXF7SVS?tag=eloabder-20&linkCode=osi&th=1&psc=1">View Product</a></div><div class="product"><a href="https://www.amazon.com/dp/B0CCY5X6SS?tag=eloabder-20&linkCode=osi&th=1&psc=1"><img src="https://m.media-amazon.com/images/I/41Iye-vPXJL._SL500_.jpg" alt="Product Image"></a><p>Bamboo Drawer Organizer Set, 5 PCS Multi-Use Individual Wood Storage Organizers, Junk Drawer Divider and Storage Trays Containers for Kitchen, Bathroom, Office Desk, Makeup, Jewelry, Utensils</p><p> -20% 0FF </p><p>$19.99 ($4.00 / Count)</p><a href="https://www.amazon.com/dp/B0CCY5X6SS?tag=eloabder-20&linkCode=osi&th=1&psc=1">View Product</a></div><div class="product"><a href="https://www.amazon.com/dp/B0CCDJQ7MM?tag=eloabder-20&linkCode=osi&th=1&psc=1"><img src="https://m.media-amazon.com/images/I/51kU0WJxdsL._SL500_.jpg" alt="Product Image"></a><p>Marbrasse Expandable Desk Drawer Organizer, Mesh Drawer Organizer Tray with 10 Adjustable Compartments, Desk Organizers and Accessories, 5 Dividers Drawer for Office Supplies, Makeup & Vanity (Black)</p><p> -15% 0FF </p><p>$17.84</p><a href="https://www.amazon.com/dp/B0CCDJQ7MM?tag=eloabder-20&linkCode=osi&th=1&psc=1">View Product</a></div><div class="product"><a href="https://www.amazon.com/dp/B0DM27MBZN?tag=eloabder-20&linkCode=osi&th=1&psc=1"><img src="https://m.media-amazon.com/images/I/41hAfSMnrZL._SL500_.jpg" alt="Product Image"></a><p>ElegantArray 12 PCS Drawer Organizer Set, 4 Sizes Storage Drawer Units, Clear Plastic Makeup Vanity Organizer and Storage Bins for Makeup, Stationeries, Multiple Gadgets for Bathroom, Office, Bedroom</p><p> -31% 0FF </p><p>$8.99</p><a href="https://www.amazon.com/dp/B0DM27MBZN?tag=eloabder-20&linkCode=osi&th=1&psc=1">View Product</a></div>
<div class="product"><a href="https://www.amazon.com/dp/B0C4T42TPC?tag=eloabder-20&linkCode=osi&th=1&psc=1"><img src="https://m.media-amazon.com/images/I/318IsyAsPXL._SL500_.jpg" alt="Product Image"></a><p>Adjustable Mobile CPU Stand, Ventilated Computer Tower Stand with 4 Caster Wheels Fits Most PC Tower, Under Desk CPU Holder PC Floor Cart Computer Riser for Gamers and Students (Black)</p><p> -21% 0FF </p><p>$14.21</p><a href="https://www.amazon.com/dp/B0C4T42TPC?tag=eloabder-20&linkCode=osi&th=1&psc=1">View Product</a></div><div class="product"><a href="https://www.amazon.com/dp/B094QTGHNZ?tag=eloabder-20&linkCode=osi&th=1&psc=1"><img src="https://m.media-amazon.com/images/I/31VzBQ+jwWL._SL500_.jpg" alt="Product Image"></a><p>WALI Computer Monitor Stand for Desk, Adjustable Laptop Riser, Desk Monitor Stand Underneath Storage for Office, Home, School Supplies (STT003), 1 Pack, Black</p><p> -32% 0FF </p><p>$16.99</p><a href="https://www.amazon.com/dp/B094QTGHNZ?tag=eloabder-20&linkCode=osi&th=1&psc=1">View Product</a></div><div class="product"><a href="https://www.amazon.com/dp/B07H4DMLVH?tag=eloabder-20&linkCode=osi&th=1&psc=1"><img src="https://m.media-amazon.com/images/I/31eTfKhpSWL._SL500_.jpg" alt="Product Image"></a><p>HUANUO Monitor Stand, Monitor Stand Riser 3 Height Adjustable, Monitor Riser with Airflow Vents, Laptop Stand for Desk, Laptop Riser, Desk Organizer for Monitor, 15.6" Laptop, PC, Printer</p><p> -11% 0FF </p><p>$15.19</p><a href="https://www.amazon.com/dp/B07H4DMLVH?tag=eloabder-20&linkCode=osi&th=1&psc=1">View Product</a></div><div class="product"><a href="https://www.amazon.com/dp/B0D69W6H91?tag=eloabder-20&linkCode=osi&th=1&psc=1"><img src="https://m.media-amazon.com/images/I/51rQI+gi3lL._SL500_.jpg" alt="Product Image"></a><p>JANE EYRE Computer Tower Stand - Adjustable PC Tower Stand CPU Holder Cart with Charging Station for Office Home Classroom,23.03"-28.3" H, black</p><p> -10% 0FF </p><p>$53.99</p><a href="https://www.amazon.com/dp/B0D69W6H91?tag=eloabder-20&linkCode=osi&th=1&psc=1">View Product</a></div><div class="product"><a href="https://www.amazon.com/dp/B0C4T34L9Y?tag=eloabder-20&linkCode=osi&th=1&psc=1"><img src="https://m.media-amazon.com/images/I/51BNMGXNOEL._SL500_.jpg" alt="Product Image"></a><p>BONTEC Wooden Monitor Stand Riser, 2-Tier Desk Shelf with Storage Organizer, Ergonomic Computer Stand with Cable Management, Cellphone Holder, White, 16.5 Inch</p><p> -33% 0FF </p><p>$18.04</p><a href="https://www.amazon.com/dp/B0C4T34L9Y?tag=eloabder-20&linkCode=osi&th=1&psc=1">View Product</a></div><div class="product"><a href="https://www.amazon.com/dp/B08BRCT4JH?tag=eloabder-20&linkCode=osi&th=1&psc=1"><img src="https://m.media-amazon.com/images/I/41Ga6A+cXbL._SL500_.jpg" alt="Product Image"></a><p>BESIGN LS03 Aluminum Laptop Stand, Ergonomic Detachable Computer Stand, Notebook Riser Compatible with Air, Pro, Dell, HP, Lenovo More 10-15.6" Laptops, Silver</p><p> -25% 0FF </p><p>$14.98</p><a href="https://www.amazon.com/dp/B08BRCT4JH?tag=eloabder-20&linkCode=osi&th=1&psc=1">View Product</a></div>
<div class="product"><a href="https://www.amazon.com/dp/B07Q79ZZJ6?tag=eloabder-20&linkCode=osi&th=1&psc=1"><img src="https://m.media-amazon.com/images/I/31-LBzENQIL._SL500_.jpg" alt="Product Image"></a><p>Single LCD Computer Monitor Free-Standing Desk Stand Mount Riser for 13 inch to 32 inch screen with Swivel, Height Adjustable, Rotation, Vesa Base Stand Holds One (1) Screen up to 77Lbs(HT05B-001))</p><p> -34% 0FF </p><p>$21.99</p><a href="https://www.amazon.com/dp/B07Q79ZZJ6?tag=eloabder-20&linkCode=osi&th=1&psc=1">View Product</a></div><div class="product"><a href="https://www.amazon.com/dp/B082845XM8?tag=eloabder-20&linkCode=osi&th=1&psc=1"><img src="https://m.media-amazon.com/images/I/41uRH1B7HgL._SL500_.jpg" alt="Product Image"></a><p>Dual Monitor Stand - Vertical Stack Screen Free-Standing Monitor Riser Fits Two 13 to 34 Inch Screen with Swivel, Tilt, Height Adjustable, Holds One (1) Screen Up to 44Lbs</p><p> -5% 0FF </p><p>$31.56</p><a href="https://www.amazon.com/dp/B082845XM8?tag=eloabder-20&linkCode=osi&th=1&psc=1">View Product</a></div><div class="product"><a href="https://www.amazon.com/dp/B00X4SCCFG?tag=eloabder-20&linkCode=osi&th=1&psc=1"><img src="https://m.media-amazon.com/images/I/21X2klzUZGL._SL500_.jpg" alt="Product Image"></a><p>Amazon Basics Height Adjustable Rectangular Computer Monitor Riser Desk Stand with Storage for Reduced Neck Strain - Fits Monitors, Laptops Up to 22lbs, Black</p><p> -35% 0FF </p><p>$14.06</p><a href="https://www.amazon.com/dp/B00X4SCCFG?tag=eloabder-20&linkCode=osi&th=1&psc=1">View Product</a></div>
<div class="product"><a href="https://www.amazon.com/dp/B07HFDJCSL?tag=eloabder-20&linkCode=osi&th=1&psc=1"><img src="https://m.media-amazon.com/images/I/41DR7qY1naL._SL500_.jpg" alt="Product Image"></a><p>VIVO Large Keyboard Tray Under Desk Pull Out with Extra Sturdy C Clamp Mount System, 27 (33 Including Clamps) x 11 Inch Slide-Out Platform Computer Drawer for Typing, Black, MOUNT-KB05E</p><p> -17% 0FF </p><p>$49.99</p><a href="https://www.amazon.com/dp/B07HFDJCSL?tag=eloabder-20&linkCode=osi&th=1&psc=1">View Product</a></div><div class="product"><a href="https://www.amazon.com/dp/B082NKBM62?tag=eloabder-20&linkCode=osi&th=1&psc=1"><img src="https://m.media-amazon.com/images/I/41qQ3p9-mrL._SL500_.jpg" alt="Product Image"></a><p>HUANUO Keyboard Tray Under Desk, 360 Adjustable Ergonomic Sliding Keyboard & Mouse Tray, Under Desk Keyboard Tray Slide Out, Keyboard Holder Under Desk for Typing in Home, Office Work, 25"W x 9.84"D</p><p> -33% 0FF </p><p>$59.98</p><a href="https://www.amazon.com/dp/B082NKBM62?tag=eloabder-20&linkCode=osi&th=1&psc=1">View Product</a></div><div class="product"><a href="https://www.amazon.com/dp/B0F23GTKHL?tag=eloabder-20&linkCode=osi&th=1&psc=1"><img src="https://m.media-amazon.com/images/I/41dmHoeznDL._SL500_.jpg" alt="Product Image"></a><p>Zontera Ergonomic Mouse & Keyboard Tray Under Desk, Pull Out with Adjustable C-clamp, 20 (25.9 Including Clamps) x 11.8 Inch Slide Out Computer Keyboard Drawer Mouse Tray for Typing, Black</p><p> -7% 0FF </p><p>$25.99</p><a href="https://www.amazon.com/dp/B0F23GTKHL?tag=eloabder-20&linkCode=osi&th=1&psc=1">View Product</a></div><div class="product"><a href="https://www.amazon.com/dp/B01IIGMBVI?tag=eloabder-20&linkCode=osi&th=1&psc=1"><img src="https://m.media-amazon.com/images/I/21Vw8003F0L._SL500_.jpg" alt="Product Image"></a><p>Alera ALE Valencia Series Underdesk Keyboard/Mouse Shelf, 28w x 12d, Black</p><p> -50% 0FF </p><p>$29.22</p><a href="https://www.amazon.com/dp/B01IIGMBVI?tag=eloabder-20&linkCode=osi&th=1&psc=1">View Product</a></div>
<div class="product"><a href="https://www.amazon.com/dp/B07C3XZMC6?tag=eloabder-20&linkCode=osi&th=1&psc=1"><img src="https://m.media-amazon.com/images/I/31Eojf7glwL._SL500_.jpg" alt="Product Image"></a><p>JIKIOU 3 Pack Mouse Pad with Stitched Edge, Comfortable Mouse Pads with Non-Slip Rubber Base, Washable Mousepads Bulk with Comfortable Cloth, Mouse Pads for Computers Laptop Mouse 10.2x8.3inch Black</p><p> -29% 0FF </p><p>$7.99</p><a href="https://www.amazon.com/dp/B07C3XZMC6?tag=eloabder-20&linkCode=osi&th=1&psc=1">View Product</a></div><div class="product"><a href="https://www.amazon.com/dp/B085XRMSTT?tag=eloabder-20&linkCode=osi&th=1&psc=1"><img src="https://m.media-amazon.com/images/I/31aDSI0sFoL._SL500_.jpg" alt="Product Image"></a><p>EooCoo Ergonomic Mouse Pad with Wrist Support, Mousepad with Memory Foam Wrist Rest and Non-Slip Base for Computer, Cafe, Home & Office, 9.64 x 8.26 in Office Desk Accessories</p><p> -36% 0FF </p><p>$6.99</p><a href="https://www.amazon.com/dp/B085XRMSTT?tag=eloabder-20&linkCode=osi&th=1&psc=1">View Product</a></div>
<div class="product"><a href="https://www.amazon.com/dp/B0BRCJL4MM?tag=eloabder-20&linkCode=osi&th=1&psc=1"><img src="https://m.media-amazon.com/images/I/41sggzaNbPL._SL500_.jpg" alt="Product Image"></a><p>Led Desk Lamp for Office Home - Eye Caring Architect lamp with Clamp,Dual Screen Computer Monitor Gooseneck Smart Light: 24W 5 Color Flexible Adjustable Lighting Table Lamp for Study Drafting</p><p> -13% 0FF </p><p>$69.99</p><a href="https://www.amazon.com/dp/B0BRCJL4MM?tag=eloabder-20&linkCode=osi&th=1&psc=1">View Product</a></div><div class="product"><a href="https://www.amazon.com/dp/B0BNHNG5CY?tag=eloabder-20&linkCode=osi&th=1&psc=1"><img src="https://m.media-amazon.com/images/I/51ccmdZe2YL._SL500_.jpg" alt="Product Image"></a><p>Micomlan Led Desk Lamp with Clamp, Architect Desk Lamp for Home Office with Atmosphere Lighting, 24W Ultra Bright Auto Dimming Computer Light Stepless Dimming and Tempering LED Table Light</p><p> -27% 0FF </p><p>$49.99</p><a href="https://www.amazon.com/dp/B0BNHNG5CY?tag=eloabder-20&linkCode=osi&th=1&psc=1">View Product</a></div><div class="product"><a href="https://www.amazon.com/dp/B078W61H9P?tag=eloabder-20&linkCode=osi&th=1&psc=1"><img src="https://m.media-amazon.com/images/I/31aebwb3nqL._SL500_.jpg" alt="Product Image"></a><p>LEPOWER Metal Desk Lamp, Eye-Caring Table Lamp, Study Lamps with Flexible Goose Neck for Bedroom, Home Office (Matte Black)</p><p> -24% 0FF </p><p>$24.99</p><a href="https://www.amazon.com/dp/B078W61H9P?tag=eloabder-20&linkCode=osi&th=1&psc=1">View Product</a></div><div class="product"><a href="https://www.amazon.com/dp/B0D1DLY4H4?tag=eloabder-20&linkCode=osi&th=1&psc=1"><img src="https://m.media-amazon.com/images/I/41sKiuSIwRL._SL500_.jpg" alt="Product Image"></a><p>SKYLEO Led Desk Lamp - Desk Light for 31.5" Tall - 5 Color Modes X 11 Brightness Levels - Adjustable Swing Arm - Timmer & Memory Function - 12W Lamp for Desk - Black</p><p> -23% 0FF </p><p>$19.99</p><a href="https://www.amazon.com/dp/B0D1DLY4H4?tag=eloabder-20&linkCode=osi&th=1&psc=1">View Product</a></div><div class="product"><a href="https://www.amazon.com/dp/B0D2LGK82V?tag=eloabder-20&linkCode=osi&th=1&psc=1"><img src="https://m.media-amazon.com/images/I/41UpQ-qygDL._SL500_.jpg" alt="Product Image"></a><p>Addtam LED Desk Lamp, Power Strip with 3 Outlets 4 USB Charging Ports(2 USBC), 4 Modes 5 Level Brightness Touch Lamp, Small Desk Lamp for Home Office College Dorm Room Essentials</p><p> -23% 0FF </p><p>$16.99</p><a href="https://www.amazon.com/dp/B0D2LGK82V?tag=eloabder-20&linkCode=osi&th=1&psc=1">View Product</a></div><div class="product"><a href="https://www.amazon.com/dp/B08LMTQ7ZF?tag=eloabder-20&linkCode=osi&th=1&psc=1"><img src="https://m.media-amazon.com/images/I/21vKPX2KHML._SL500_.jpg" alt="Product Image"></a><p>Lepro LED Desk Lamp for Home Office, 9.5W 750LM Metal Touch Control Desk Light, 5 Color Modes 5 Brightness Level, Eye Caring Task Lamp For Reading, Sewing, Crafts, School Supplies, Puzzle Light, Black</p><p> -13% 0FF </p><p>$24.99</p><a href="https://www.amazon.com/dp/B08LMTQ7ZF?tag=eloabder-20&linkCode=osi&th=1&psc=1">View Product</a></div>
<div class="product"><a href="https://www.amazon.com/dp/B0D7BXNDP4?tag=eloabder-20&linkCode=osi&th=1&psc=1"><img src="https://m.media-amazon.com/images/I/41DuEunZ1+L._SL500_.jpg" alt="Product Image"></a><p>Monitor Fan with Clamp & Light Bar Desk Lamp with fan for Office mini Desk fan small quiet with lamp for PC Laptops Tablet for Home Office Portable Working Reading Stand Lamp</p><p> -5% 0FF </p><p>$15.19</p><a href="https://www.amazon.com/dp/B0D7BXNDP4?tag=eloabder-20&linkCode=osi&th=1&psc=1">View Product</a></div><div class="product"><a href="https://www.amazon.com/dp/B07K1D41DC?tag=eloabder-20&linkCode=osi&th=1&psc=1"><img src="https://m.media-amazon.com/images/I/310MAouNV-L._SL500_.jpg" alt="Product Image"></a><p>OttLite Cool Breeze LED Lamp with Bladeless Fan - 3 Speed Options & 5 Brightness Settings with Energy Efficient Natural Daylight LEDs - Desktop, Table or Nightstand Lamp for Studying or Reading</p><p> -14% 0FF </p><p>$89.98</p><a href="https://www.amazon.com/dp/B07K1D41DC?tag=eloabder-20&linkCode=osi&th=1&psc=1">View Product</a></div>
<div class="product"><a href="https://www.amazon.com/dp/B0CXSXL1F2?tag=eloabder-20&linkCode=osi&th=1&psc=1"><img src="https://m.media-amazon.com/images/I/41H6cndt7iL._SL500_.jpg" alt="Product Image"></a><p>9 Pack Lined Sticky Notes 4x6 in Post Sticky Notes with Lines, 9 Bright Colors Self Sticky Notes Pad Its, Large Ruled Sticky Note for Office, Home, 35 Sheets/Pad</p><p> -33% 0FF </p><p>$7.99</p><a href="https://www.amazon.com/dp/B0CXSXL1F2?tag=eloabder-20&linkCode=osi&th=1&psc=1">View Product</a></div><div class="product"><a href="https://www.amazon.com/dp/B019QROV9S?tag=eloabder-20&linkCode=osi&th=1&psc=1"><img src="https://m.media-amazon.com/images/I/51OsStyntzL._SL500_.jpg" alt="Product Image"></a><p>Sharpie Clear View Highlighter Sticks, Chisel Tip, Assorted Fluorescent, 8 Count - School, Home, and Office Use, Teacher Supplies</p><p> -23% 0FF </p><p>$13.86</p><a href="https://www.amazon.com/dp/B019QROV9S?tag=eloabder-20&linkCode=osi&th=1&psc=1">View Product</a></div>
<div class="product"><a href="https://www.amazon.com/dp/B082PN4X5J?tag=eloabder-20&linkCode=osi&th=1&psc=1"><img src="https://m.media-amazon.com/images/I/51o+eA8g6nL._SL500_.jpg" alt="Product Image"></a><p>Sharpie S-Gel Gel Pens, Black Barrel, Medium Point (0.7mm), Black Gel Ink Pens, 12 Count - Home, Office, School, Journaling, Writing, Note-Taking, Teacher Supplies</p><p> -14% 0FF </p><p>$11.97</p><a href="https://www.amazon.com/dp/B082PN4X5J?tag=eloabder-20&linkCode=osi&th=1&psc=1">View Product</a></div><div class="product"><a href="https://www.amazon.com/dp/B0C9W8DD9S?tag=eloabder-20&linkCode=osi&th=1&psc=1"><img src="https://m.media-amazon.com/images/I/41mdSvEwNZL._SL500_.jpg" alt="Product Image"></a><p>Ddaowanx Gel Pens, 6 Pcs 0.5mm Quick Dry Black Ink Pens Fine Point Smooth Writing Pens, Cute Office School Supplies Gifts for Women</p><p> -10% 0FF </p><p>$8.99</p><a href="https://www.amazon.com/dp/B0C9W8DD9S?tag=eloabder-20&linkCode=osi&th=1&psc=1">View Product</a></div><div class="product"><a href="https://www.amazon.com/dp/B019QBOG3U?tag=eloabder-20&linkCode=osi&th=1&psc=1"><img src="https://m.media-amazon.com/images/I/416PjSebDoL._SL500_.jpg" alt="Product Image"></a><p>Paper Mate Colorful Gel Pens - InkJoy Gel Pens Assorted Medium Point (0.7). Perfect for Vibrant Colored Writing and Sketching with Paper Mate InkJoy 14 Count</p><p> -18% 0FF </p><p>$10.31</p><a href="https://www.amazon.com/dp/B019QBOG3U?tag=eloabder-20&linkCode=osi&th=1&psc=1">View Product</a></div><div class="product"><a href="https://www.amazon.com/dp/B0C73JDN4S?tag=eloabder-20&linkCode=osi&th=1&psc=1"><img src="https://m.media-amazon.com/images/I/51DJUUxL7HL._SL500_.jpg" alt="Product Image"></a><p>Linbsunne Ballpoint Pens Black Medium Point 1mm Pen with Super Soft Grip Ball Point Pen for Men Women Retractable Pens (gold-12 pcs)</p><p> -10% 0FF </p><p>$8.99</p><a href="https://www.amazon.com/dp/B0C73JDN4S?tag=eloabder-20&linkCode=osi&th=1&psc=1">View Product</a></div><div class="product"><a href="https://www.amazon.com/dp/B001OTA66O?tag=eloabder-20&linkCode=osi&th=1&psc=1"><img src="https://m.media-amazon.com/images/I/41yS5tBZQLL._SL500_.jpg" alt="Product Image"></a><p>BIC Glide Black Retractable Ballpoint Pens, Medium Point (1.0mm), 4-Count Pack, Ultra Smooth Writing Black Pens</p><p> -40% 0FF </p><p>$2.99</p><a href="https://www.amazon.com/dp/B001OTA66O?tag=eloabder-20&linkCode=osi&th=1&psc=1">View Product</a></div>

<div class="product"><a href="https://www.amazon.com/dp/B0033J6V3A?tag=eloabder-20&linkCode=osi&th=1&psc=1"><img src="https://m.media-amazon.com/images/I/21o5ASbichL._SL500_.jpg" alt="Product Image"></a><p>NuSparc 2 Drawer Locking Filing Cabinet | Pre-Assembled Steel Construction | Space-Saving Design is Perfect for Home and Small Office | Letter-Size | Assembled in North America</p><p> -14% 0FF </p><p>$76.99</p><a href="https://www.amazon.com/dp/B0033J6V3A?tag=eloabder-20&linkCode=osi&th=1&psc=1">View Product</a></div><div class="product"><a href="https://www.amazon.com/dp/B0D9XYD75W?tag=eloabder-20&linkCode=osi&th=1&psc=1"><img src="https://m.media-amazon.com/images/I/31VM3xK++PL._SL500_.jpg" alt="Product Image"></a><p>BYNSOE 2 Drawer File Cabinet with Lock Vertical Filing Storage Cabinet Office Home Steel Vertical File Cabinets for Letter Size File Cabinet Locked,Assembly Required</p><p> -8% 0FF </p><p>$54.99</p><a href="https://www.amazon.com/dp/B0D9XYD75W?tag=eloabder-20&linkCode=osi&th=1&psc=1">View Product</a></div><div class="product"><a href="https://www.amazon.com/dp/B0989HLF81?tag=eloabder-20&linkCode=osi&th=1&psc=1"><img src="https://m.media-amazon.com/images/I/51vzgnkbcjL._SL500_.jpg" alt="Product Image"></a><p>DEVAISE 3 Drawer Mobile File Cabinet, Wood Lateral Filing Cabinet, Printer Stand with Open Shelves for Home Office, Rustic Brown</p><p> -21% 0FF </p><p>$74.99</p><a href="https://www.amazon.com/dp/B0989HLF81?tag=eloabder-20&linkCode=osi&th=1&psc=1">View Product</a></div>
<div class="product"><a href="https://www.amazon.com/dp/B00006RSQD?tag=eloabder-20&linkCode=osi&th=1&psc=1"><img src="https://m.media-amazon.com/images/I/315rez3KpeL._SL500_.jpg" alt="Product Image"></a><p>Bush Business Furniture Series C 36W Tall 5 Shelf Bookcase in Hansen Cherry, Large Storage and Display Bookshelf for Home or Professional Office</p><p> -8% 0FF </p><p>$239.49</p><a href="https://www.amazon.com/dp/B00006RSQD?tag=eloabder-20&linkCode=osi&th=1&psc=1">View Product</a></div>
<div class="product"><a href="https://www.amazon.com/dp/B09F6JPYSY?tag=eloabder-20&linkCode=osi&th=1&psc=1"><img src="https://m.media-amazon.com/images/I/51fGLH7lhHL._SL500_.jpg" alt="Product Image"></a><p>SPACELEAD Slim Storage Cart 3 Tier,Bathroom Organizer Rolling Utility,Mobile Shelving Unit Slide Out for Office, Kitchen, Laundry Room & Narrow Places,Black</p><p> -30% 0FF </p><p>$20.99</p><a href="https://www.amazon.com/dp/B09F6JPYSY?tag=eloabder-20&linkCode=osi&th=1&psc=1">View Product</a></div><div class="product"><a href="https://www.amazon.com/dp/B08KFTVGQY?tag=eloabder-20&linkCode=osi&th=1&psc=1"><img src="https://m.media-amazon.com/images/I/51BjUEmGaiL._SL500_.jpg" alt="Product Image"></a><p>SONGMICS Cube Storage Organizer, Set of 16 Plastic Cubes, Closet Organizers and Storage, Room Organization, Bedroom Living Room, 12.2 x 48.4 x 48.4 Inches, Rustic Brown ULPC442A01</p><p> -15% 0FF </p><p>$46.99</p><a href="https://www.amazon.com/dp/B08KFTVGQY?tag=eloabder-20&linkCode=osi&th=1&psc=1">View Product</a></div><div class="product"><a href="https://www.amazon.com/dp/B0DG359YX5?tag=eloabder-20&linkCode=osi&th=1&psc=1"><img src="https://m.media-amazon.com/images/I/41OBXL4HJdL._SL500_.jpg" alt="Product Image"></a><p>VIVO Clamp-on 13 inch Above or Below Desk 2-Tier Shelving Unit for Table Accessories, Gaming Devices, and More, Storage Tray, Desktop Organizer, Rustic Vintage Brown, STAND-SHELF2C-N</p><p> -20% 0FF </p><p>$39.99</p><a href="https://www.amazon.com/dp/B0DG359YX5?tag=eloabder-20&linkCode=osi&th=1&psc=1">View Product</a></div><div class="product"><a href="https://www.amazon.com/dp/B0D7S5GGP6?tag=eloabder-20&linkCode=osi&th=1&psc=1"><img src="https://m.media-amazon.com/images/I/51EriWG2BLL._SL500_.jpg" alt="Product Image"></a><p>C&AHOME Wire Cube Storage, 9 - Cube Organizer Metal C Grids, Modular Shelves Units, Closet Organizer, Ideal for Home, Office, Living Room, 36.6”L x 12.4”W x 48.4”H, Silver Gray UWCS3009G</p><p> -33% 0FF </p><p>$28.87</p><a href="https://www.amazon.com/dp/B0D7S5GGP6?tag=eloabder-20&linkCode=osi&th=1&psc=1">View Product</a></div>
<div class="product"><a href="https://www.amazon.com/dp/B0B1M6ML2J?tag=eloabder-20&linkCode=osi&th=1&psc=1"><img src="https://m.media-amazon.com/images/I/51pX2Qo38JL._SL500_.jpg" alt="Product Image"></a><p>WOWBOX 25 PCS Clear Plastic Drawer Organizer Set, 4 Sizes Desk Drawer Divider Organizers and Storage Bins for Makeup, Jewelry, Gadgets for Kitchen, Bedroom, Bathroom, Office</p><p> -35% 0FF </p><p>$16.13 ($0.65 / Count)</p><a href="https://www.amazon.com/dp/B0B1M6ML2J?tag=eloabder-20&linkCode=osi&th=1&psc=1">View Product</a></div><div class="product"><a href="https://www.amazon.com/dp/B0DB8F7GDN?tag=eloabder-20&linkCode=osi&th=1&psc=1"><img src="https://m.media-amazon.com/images/I/51iOtKHzvCL._SL500_.jpg" alt="Product Image"></a><p>OPNICE Desk Organizer and Accessories, 2-Tier Computer Monitor Stand Riser with Drawer and 2 Pen Holders, Laptop Stand, Office Desk Accessories for Office Supplies, Black</p><p> -27% 0FF </p><p>$21.99</p><a href="https://www.amazon.com/dp/B0DB8F7GDN?tag=eloabder-20&linkCode=osi&th=1&psc=1">View Product</a></div><div class="product"><a href="https://www.amazon.com/dp/B0FQ86P4M3?tag=eloabder-20&linkCode=osi&th=1&psc=1"><img src="https://m.media-amazon.com/images/I/41ZDdyGnPxL._SL500_.jpg" alt="Product Image"></a><p>Mind Reader 2-Tier Desk Organizer with Clamp, Accessory Shelf for Office or Gaming, Office, Metal, White</p><p> -5% 0FF </p><p>$37.99</p><a href="https://www.amazon.com/dp/B0FQ86P4M3?tag=eloabder-20&linkCode=osi&th=1&psc=1">View Product</a></div><div class="product"><a href="https://www.amazon.com/dp/B0BYDGF8DT?tag=eloabder-20&linkCode=osi&th=1&psc=1"><img src="https://m.media-amazon.com/images/I/51sE2GzgVNL._SL500_.jpg" alt="Product Image"></a><p>OPNICE Desk Organizer and Accessories, 4-Tier Desktop File Organizer with Drawer and 2 Pen Holders, Office Desk Accessories, Workspace Organizers for Office Supplies(Black)</p><p> -33% 0FF </p><p>$19.99</p><a href="https://www.amazon.com/dp/B0BYDGF8DT?tag=eloabder-20&linkCode=osi&th=1&psc=1">View Product</a></div><div class="product"><a href="https://www.amazon.com/dp/B0DJKSMV2T?tag=eloabder-20&linkCode=osi&th=1&psc=1"><img src="https://m.media-amazon.com/images/I/41gO3CCIg1L._SL500_.jpg" alt="Product Image"></a><p>gianotter Dual Monitor Stand Riser, Desk Organizer With Drawer and 2 Pen Holders, Computer Monitor Stand, Shelf for Top of Desk, Black</p><p> -28% 0FF </p><p>$25.99</p><a href="https://www.amazon.com/dp/B0DJKSMV2T?tag=eloabder-20&linkCode=osi&th=1&psc=1">View Product</a></div><div class="product"><a href="https://www.amazon.com/dp/B0BWTT3WK1?tag=eloabder-20&linkCode=osi&th=1&psc=1"><img src="https://m.media-amazon.com/images/I/51JTe2SjicL._SL500_.jpg" alt="Product Image"></a><p>gianotter Desk Organizers and Accessories with File Holder, 4-Tier Desk Accessories & Workspace Organizers with Drawer and 2 Pen Holder, Paper Organizer for Office Supplies (Rose Gold)</p><p> -27% 0FF </p><p>$23.99</p><a href="https://www.amazon.com/dp/B0BWTT3WK1?tag=eloabder-20&linkCode=osi&th=1&psc=1">View Product</a></div><div class="product"><a href="https://www.amazon.com/dp/B09QKDY1YY?tag=eloabder-20&linkCode=osi&th=1&psc=1"><img src="https://m.media-amazon.com/images/I/519UVM73B6L._SL500_.jpg" alt="Product Image"></a><p>Supeasy 5 Trays Paper Organizer Letter Tray with Handle-Mesh Desk File Organizer, Paper Sorter Desk Organizer for Office, Home or School</p><p> -17% 0FF </p><p>$19.99</p><a href="https://www.amazon.com/dp/B09QKDY1YY?tag=eloabder-20&linkCode=osi&th=1&psc=1">View Product</a></div><div class="product"><a href="https://www.amazon.com/dp/B08PBFKGJG?tag=eloabder-20&linkCode=osi&th=1&psc=1"><img src="https://m.media-amazon.com/images/I/61WfW0WLsqL._SL500_.jpg" alt="Product Image"></a><p>Marbrasse 6 Tier Paper Organizer Letter Tray - Mesh Desk File Organizer with Handle, Paper Sorter Organizer for Letter/A4 Office File Folder Holder - Black</p><p> -23% 0FF </p><p>$19.98</p><a href="https://www.amazon.com/dp/B08PBFKGJG?tag=eloabder-20&linkCode=osi&th=1&psc=1">View Product</a></div><div class="product"><a href="https://www.amazon.com/dp/B09K5927B5?tag=eloabder-20&linkCode=osi&th=1&psc=1"><img src="https://m.media-amazon.com/images/I/51u5tZ4jR6L._SL500_.jpg" alt="Product Image"></a><p>Marbrasse Desk Organizer with File Holder, 5-Tier Paper Letter Tray Organizer with Drawer and 2 Pen Holder, Mesh Desktop Organizer and Storage with Magazine Holder for Office Supplies(Black)</p><p> -24% 0FF </p><p>$33.99</p><a href="https://www.amazon.com/dp/B09K5927B5?tag=eloabder-20&linkCode=osi&th=1&psc=1">View Product</a></div>
<div class="product"><a href="https://www.amazon.com/dp/B0CNXF7SVS?tag=eloabder-20&linkCode=osi&th=1&psc=1"><img src="https://m.media-amazon.com/images/I/51a6EswyTZL._SL500_.jpg" alt="Product Image"></a><p>Manalete Drawer Organizers Set of 15, 4 Sizes Clear Plastic Drawer Organizers and Storage Bins for Kitchen, Bathroom, Office, Dresser Desk Drawer Organizer Tray for Jewelry, Makeup, Junk, Gadgets</p><p> -29% 0FF </p><p>$9.99</p><a href="https://www.amazon.com/dp/B0CNXF7SVS?tag=eloabder-20&linkCode=osi&th=1&psc=1">View Product</a></div><div class="product"><a href="https://www.amazon.com/dp/B0CCY5X6SS?tag=eloabder-20&linkCode=osi&th=1&psc=1"><img src="https://m.media-amazon.com/images/I/41Iye-vPXJL._SL500_.jpg" alt="Product Image"></a><p>Bamboo Drawer Organizer Set, 5 PCS Multi-Use Individual Wood Storage Organizers, Junk Drawer Divider and Storage Trays Containers for Kitchen, Bathroom, Office Desk, Makeup, Jewelry, Utensils</p><p> -20% 0FF </p><p>$19.99 ($4.00 / Count)</p><a href="https://www.amazon.com/dp/B0CCY5X6SS?tag=eloabder-20&linkCode=osi&th=1&psc=1">View Product</a></div><div class="product"><a href="https://www.amazon.com/dp/B0CCDJQ7MM?tag=eloabder-20&linkCode=osi&th=1&psc=1"><img src="https://m.media-amazon.com/images/I/51kU0WJxdsL._SL500_.jpg" alt="Product Image"></a><p>Marbrasse Expandable Desk Drawer Organizer, Mesh Drawer Organizer Tray with 10 Adjustable Compartments, Desk Organizers and Accessories, 5 Dividers Drawer for Office Supplies, Makeup & Vanity (Black)</p><p> -15% 0FF </p><p>$17.84</p><a href="https://www.amazon.com/dp/B0CCDJQ7MM?tag=eloabder-20&linkCode=osi&th=1&psc=1">View Product</a></div><div class="product"><a href="https://www.amazon.com/dp/B0DM27MBZN?tag=eloabder-20&linkCode=osi&th=1&psc=1"><img src="https://m.media-amazon.com/images/I/41hAfSMnrZL._SL500_.jpg" alt="Product Image"></a><p>ElegantArray 12 PCS Drawer Organizer Set, 4 Sizes Storage Drawer Units, Clear Plastic Makeup Vanity Organizer and Storage Bins for Makeup, Stationeries, Multiple Gadgets for Bathroom, Office, Bedroom</p><p> -31% 0FF </p><p>$8.99</p><a href="https://www.amazon.com/dp/B0DM27MBZN?tag=eloabder-20&linkCode=osi&th=1&psc=1">View Product</a></div>
<div class="product"><a href="https://www.amazon.com/dp/B0C4T42TPC?tag=eloabder-20&linkCode=osi&th=1&psc=1"><img src="https://m.media-amazon.com/images/I/318IsyAsPXL._SL500_.jpg" alt="Product Image"></a><p>Adjustable Mobile CPU Stand, Ventilated Computer Tower Stand with 4 Caster Wheels Fits Most PC Tower, Under Desk CPU Holder PC Floor Cart Computer Riser for Gamers and Students (Black)</p><p> -21% 0FF </p><p>$14.21</p><a href="https://www.amazon.com/dp/B0C4T42TPC?tag=eloabder-20&linkCode=osi&th=1&psc=1">View Product</a></div><div class="product"><a href="https://www.amazon.com/dp/B094QTGHNZ?tag=eloabder-20&linkCode=osi&th=1&psc=1"><img src="https://m.media-amazon.com/images/I/31VzBQ+jwWL._SL500_.jpg" alt="Product Image"></a><p>WALI Computer Monitor Stand for Desk, Adjustable Laptop Riser, Desk Monitor Stand Underneath Storage for Office, Home, School Supplies (STT003), 1 Pack, Black</p><p> -32% 0FF </p><p>$16.99</p><a href="https://www.amazon.com/dp/B094QTGHNZ?tag=eloabder-20&linkCode=osi&th=1&psc=1">View Product</a></div><div class="product"><a href="https://www.amazon.com/dp/B07H4DMLVH?tag=eloabder-20&linkCode=osi&th=1&psc=1"><img src="https://m.media-amazon.com/images/I/31eTfKhpSWL._SL500_.jpg" alt="Product Image"></a><p>HUANUO Monitor Stand, Monitor Stand Riser 3 Height Adjustable, Monitor Riser with Airflow Vents, Laptop Stand for Desk, Laptop Riser, Desk Organizer for Monitor, 15.6" Laptop, PC, Printer</p><p> -11% 0FF </p><p>$15.19</p><a href="https://www.amazon.com/dp/B07H4DMLVH?tag=eloabder-20&linkCode=osi&th=1&psc=1">View Product</a></div><div class="product"><a href="https://www.amazon.com/dp/B0D69W6H91?tag=eloabder-20&linkCode=osi&th=1&psc=1"><img src="https://m.media-amazon.com/images/I/51rQI+gi3lL._SL500_.jpg" alt="Product Image"></a><p>JANE EYRE Computer Tower Stand - Adjustable PC Tower Stand CPU Holder Cart with Charging Station for Office Home Classroom,23.03"-28.3" H, black</p><p> -10% 0FF </p><p>$53.99</p><a href="https://www.amazon.com/dp/B0D69W6H91?tag=eloabder-20&linkCode=osi&th=1&psc=1">View Product</a></div><div class="product"><a href="https://www.amazon.com/dp/B0C4T34L9Y?tag=eloabder-20&linkCode=osi&th=1&psc=1"><img src="https://m.media-amazon.com/images/I/51BNMGXNOEL._SL500_.jpg" alt="Product Image"></a><p>BONTEC Wooden Monitor Stand Riser, 2-Tier Desk Shelf with Storage Organizer, Ergonomic Computer Stand with Cable Management, Cellphone Holder, White, 16.5 Inch</p><p> -33% 0FF </p><p>$18.04</p><a href="https://www.amazon.com/dp/B0C4T34L9Y?tag=eloabder-20&linkCode=osi&th=1&psc=1">View Product</a></div><div class="product"><a href="https://www.amazon.com/dp/B08BRCT4JH?tag=eloabder-20&linkCode=osi&th=1&psc=1"><img src="https://m.media-amazon.com/images/I/41Ga6A+cXbL._SL500_.jpg" alt="Product Image"></a><p>BESIGN LS03 Aluminum Laptop Stand, Ergonomic Detachable Computer Stand, Notebook Riser Compatible with Air, Pro, Dell, HP, Lenovo More 10-15.6" Laptops, Silver</p><p> -25% 0FF </p><p>$14.98</p><a href="https://www.amazon.com/dp/B08BRCT4JH?tag=eloabder-20&linkCode=osi&th=1&psc=1">View Product</a></div>
<div class="product"><a href="https://www.amazon.com/dp/B07Q79ZZJ6?tag=eloabder-20&linkCode=osi&th=1&psc=1"><img src="https://m.media-amazon.com/images/I/31-LBzENQIL._SL500_.jpg" alt="Product Image"></a><p>Single LCD Computer Monitor Free-Standing Desk Stand Mount Riser for 13 inch to 32 inch screen with Swivel, Height Adjustable, Rotation, Vesa Base Stand Holds One (1) Screen up to 77Lbs(HT05B-001))</p><p> -34% 0FF </p><p>$21.99</p><a href="https://www.amazon.com/dp/B07Q79ZZJ6?tag=eloabder-20&linkCode=osi&th=1&psc=1">View Product</a></div><div class="product"><a href="https://www.amazon.com/dp/B082845XM8?tag=eloabder-20&linkCode=osi&th=1&psc=1"><img src="https://m.media-amazon.com/images/I/41uRH1B7HgL._SL500_.jpg" alt="Product Image"></a><p>Dual Monitor Stand - Vertical Stack Screen Free-Standing Monitor Riser Fits Two 13 to 34 Inch Screen with Swivel, Tilt, Height Adjustable, Holds One (1) Screen Up to 44Lbs</p><p> -5% 0FF </p><p>$31.56</p><a href="https://www.amazon.com/dp/B082845XM8?tag=eloabder-20&linkCode=osi&th=1&psc=1">View Product</a></div><div class="product"><a href="https://www.amazon.com/dp/B00X4SCCFG?tag=eloabder-20&linkCode=osi&th=1&psc=1"><img src="https://m.media-amazon.com/images/I/21X2klzUZGL._SL500_.jpg" alt="Product Image"></a><p>Amazon Basics Height Adjustable Rectangular Computer Monitor Riser Desk Stand with Storage for Reduced Neck Strain - Fits Monitors, Laptops Up to 22lbs, Black</p><p> -35% 0FF </p><p>$14.06</p><a href="https://www.amazon.com/dp/B00X4SCCFG?tag=eloabder-20&linkCode=osi&th=1&psc=1">View Product</a></div>
<div class="product"><a href="https://www.amazon.com/dp/B07HFDJCSL?tag=eloabder-20&linkCode=osi&th=1&psc=1"><img src="https://m.media-amazon.com/images/I/41DR7qY1naL._SL500_.jpg" alt="Product Image"></a><p>VIVO Large Keyboard Tray Under Desk Pull Out with Extra Sturdy C Clamp Mount System, 27 (33 Including Clamps) x 11 Inch Slide-Out Platform Computer Drawer for Typing, Black, MOUNT-KB05E</p><p> -17% 0FF </p><p>$49.99</p><a href="https://www.amazon.com/dp/B07HFDJCSL?tag=eloabder-20&linkCode=osi&th=1&psc=1">View Product</a></div><div class="product"><a href="https://www.amazon.com/dp/B082NKBM62?tag=eloabder-20&linkCode=osi&th=1&psc=1"><img src="https://m.media-amazon.com/images/I/41qQ3p9-mrL._SL500_.jpg" alt="Product Image"></a><p>HUANUO Keyboard Tray Under Desk, 360 Adjustable Ergonomic Sliding Keyboard & Mouse Tray, Under Desk Keyboard Tray Slide Out, Keyboard Holder Under Desk for Typing in Home, Office Work, 25"W x 9.84"D</p><p> -33% 0FF </p><p>$59.98</p><a href="https://www.amazon.com/dp/B082NKBM62?tag=eloabder-20&linkCode=osi&th=1&psc=1">View Product</a></div><div class="product"><a href="https://www.amazon.com/dp/B0F23GTKHL?tag=eloabder-20&linkCode=osi&th=1&psc=1"><img src="https://m.media-amazon.com/images/I/41dmHoeznDL._SL500_.jpg" alt="Product Image"></a><p>Zontera Ergonomic Mouse & Keyboard Tray Under Desk, Pull Out with Adjustable C-clamp, 20 (25.9 Including Clamps) x 11.8 Inch Slide Out Computer Keyboard Drawer Mouse Tray for Typing, Black</p><p> -7% 0FF </p><p>$25.99</p><a href="https://www.amazon.com/dp/B0F23GTKHL?tag=eloabder-20&linkCode=osi&th=1&psc=1">View Product</a></div><div class="product"><a href="https://www.amazon.com/dp/B01IIGMBVI?tag=eloabder-20&linkCode=osi&th=1&psc=1"><img src="https://m.media-amazon.com/images/I/21Vw8003F0L._SL500_.jpg" alt="Product Image"></a><p>Alera ALE Valencia Series Underdesk Keyboard/Mouse Shelf, 28w x 12d, Black</p><p> -50% 0FF </p><p>$29.22</p><a href="https://www.amazon.com/dp/B01IIGMBVI?tag=eloabder-20&linkCode=osi&th=1&psc=1">View Product</a></div>
<div class="product"><a href="https://www.amazon.com/dp/B07C3XZMC6?tag=eloabder-20&linkCode=osi&th=1&psc=1"><img src="https://m.media-amazon.com/images/I/31Eojf7glwL._SL500_.jpg" alt="Product Image"></a><p>JIKIOU 3 Pack Mouse Pad with Stitched Edge, Comfortable Mouse Pads with Non-Slip Rubber Base, Washable Mousepads Bulk with Comfortable Cloth, Mouse Pads for Computers Laptop Mouse 10.2x8.3inch Black</p><p> -29% 0FF </p><p>$7.99</p><a href="https://www.amazon.com/dp/B07C3XZMC6?tag=eloabder-20&linkCode=osi&th=1&psc=1">View Product</a></div><div class="product"><a href="https://www.amazon.com/dp/B085XRMSTT?tag=eloabder-20&linkCode=osi&th=1&psc=1"><img src="https://m.media-amazon.com/images/I/31aDSI0sFoL._SL500_.jpg" alt="Product Image"></a><p>EooCoo Ergonomic Mouse Pad with Wrist Support, Mousepad with Memory Foam Wrist Rest and Non-Slip Base for Computer, Cafe, Home & Office, 9.64 x 8.26 in Office Desk Accessories</p><p> -36% 0FF </p><p>$6.99</p><a href="https://www.amazon.com/dp/B085XRMSTT?tag=eloabder-20&linkCode=osi&th=1&psc=1">View Product</a></div>
<div class="product"><a href="https://www.amazon.com/dp/B0BRCJL4MM?tag=eloabder-20&linkCode=osi&th=1&psc=1"><img src="https://m.media-amazon.com/images/I/41sggzaNbPL._SL500_.jpg" alt="Product Image"></a><p>Led Desk Lamp for Office Home - Eye Caring Architect lamp with Clamp,Dual Screen Computer Monitor Gooseneck Smart Light: 24W 5 Color Flexible Adjustable Lighting Table Lamp for Study Drafting</p><p> -13% 0FF </p><p>$69.99</p><a href="https://www.amazon.com/dp/B0BRCJL4MM?tag=eloabder-20&linkCode=osi&th=1&psc=1">View Product</a></div><div class="product"><a href="https://www.amazon.com/dp/B0BNHNG5CY?tag=eloabder-20&linkCode=osi&th=1&psc=1"><img src="https://m.media-amazon.com/images/I/51ccmdZe2YL._SL500_.jpg" alt="Product Image"></a><p>Micomlan Led Desk Lamp with Clamp, Architect Desk Lamp for Home Office with Atmosphere Lighting, 24W Ultra Bright Auto Dimming Computer Light Stepless Dimming and Tempering LED Table Light</p><p> -27% 0FF </p><p>$49.99</p><a href="https://www.amazon.com/dp/B0BNHNG5CY?tag=eloabder-20&linkCode=osi&th=1&psc=1">View Product</a></div><div class="product"><a href="https://www.amazon.com/dp/B078W61H9P?tag=eloabder-20&linkCode=osi&th=1&psc=1"><img src="https://m.media-amazon.com/images/I/31aebwb3nqL._SL500_.jpg" alt="Product Image"></a><p>LEPOWER Metal Desk Lamp, Eye-Caring Table Lamp, Study Lamps with Flexible Goose Neck for Bedroom, Home Office (Matte Black)</p><p> -24% 0FF </p><p>$24.99</p><a href="https://www.amazon.com/dp/B078W61H9P?tag=eloabder-20&linkCode=osi&th=1&psc=1">View Product</a></div><div class="product"><a href="https://www.amazon.com/dp/B0D1DLY4H4?tag=eloabder-20&linkCode=osi&th=1&psc=1"><img src="https://m.media-amazon.com/images/I/41sKiuSIwRL._SL500_.jpg" alt="Product Image"></a><p>SKYLEO Led Desk Lamp - Desk Light for 31.5" Tall - 5 Color Modes X 11 Brightness Levels - Adjustable Swing Arm - Timmer & Memory Function - 12W Lamp for Desk - Black</p><p> -23% 0FF </p><p>$19.99</p><a href="https://www.amazon.com/dp/B0D1DLY4H4?tag=eloabder-20&linkCode=osi&th=1&psc=1">View Product</a></div><div class="product"><a href="https://www.amazon.com/dp/B0D2LGK82V?tag=eloabder-20&linkCode=osi&th=1&psc=1"><img src="https://m.media-amazon.com/images/I/41UpQ-qygDL._SL500_.jpg" alt="Product Image"></a><p>Addtam LED Desk Lamp, Power Strip with 3 Outlets 4 USB Charging Ports(2 USBC), 4 Modes 5 Level Brightness Touch Lamp, Small Desk Lamp for Home Office College Dorm Room Essentials</p><p> -23% 0FF </p><p>$16.99</p><a href="https://www.amazon.com/dp/B0D2LGK82V?tag=eloabder-20&linkCode=osi&th=1&psc=1">View Product</a></div><div class="product"><a href="https://www.amazon.com/dp/B08LMTQ7ZF?tag=eloabder-20&linkCode=osi&th=1&psc=1"><img src="https://m.media-amazon.com/images/I/21vKPX2KHML._SL500_.jpg" alt="Product Image"></a><p>Lepro LED Desk Lamp for Home Office, 9.5W 750LM Metal Touch Control Desk Light, 5 Color Modes 5 Brightness Level, Eye Caring Task Lamp For Reading, Sewing, Crafts, School Supplies, Puzzle Light, Black</p><p> -13% 0FF </p><p>$24.99</p><a href="https://www.amazon.com/dp/B08LMTQ7ZF?tag=eloabder-20&linkCode=osi&th=1&psc=1">View Product</a></div>
<div class="product"><a href="https://www.amazon.com/dp/B0D7BXNDP4?tag=eloabder-20&linkCode=osi&th=1&psc=1"><img src="https://m.media-amazon.com/images/I/41DuEunZ1+L._SL500_.jpg" alt="Product Image"></a><p>Monitor Fan with Clamp & Light Bar Desk Lamp with fan for Office mini Desk fan small quiet with lamp for PC Laptops Tablet for Home Office Portable Working Reading Stand Lamp</p><p> -5% 0FF </p><p>$15.19</p><a href="https://www.amazon.com/dp/B0D7BXNDP4?tag=eloabder-20&linkCode=osi&th=1&psc=1">View Product</a></div><div class="product"><a href="https://www.amazon.com/dp/B07K1D41DC?tag=eloabder-20&linkCode=osi&th=1&psc=1"><img src="https://m.media-amazon.com/images/I/310MAouNV-L._SL500_.jpg" alt="Product Image"></a><p>OttLite Cool Breeze LED Lamp with Bladeless Fan - 3 Speed Options & 5 Brightness Settings with Energy Efficient Natural Daylight LEDs - Desktop, Table or Nightstand Lamp for Studying or Reading</p><p> -14% 0FF </p><p>$89.98</p><a href="https://www.amazon.com/dp/B07K1D41DC?tag=eloabder-20&linkCode=osi&th=1&psc=1">View Product</a></div>
<div class="product"><a href="https://www.amazon.com/dp/B0CXSXL1F2?tag=eloabder-20&linkCode=osi&th=1&psc=1"><img src="https://m.media-amazon.com/images/I/41H6cndt7iL._SL500_.jpg" alt="Product Image"></a><p>9 Pack Lined Sticky Notes 4x6 in Post Sticky Notes with Lines, 9 Bright Colors Self Sticky Notes Pad Its, Large Ruled Sticky Note for Office, Home, 35 Sheets/Pad</p><p> -33% 0FF </p><p>$7.99</p><a href="https://www.amazon.com/dp/B0CXSXL1F2?tag=eloabder-20&linkCode=osi&th=1&psc=1">View Product</a></div><div class="product"><a href="https://www.amazon.com/dp/B019QROV9S?tag=eloabder-20&linkCode=osi&th=1&psc=1"><img src="https://m.media-amazon.com/images/I/51OsStyntzL._SL500_.jpg" alt="Product Image"></a><p>Sharpie Clear View Highlighter Sticks, Chisel Tip, Assorted Fluorescent, 8 Count - School, Home, and Office Use, Teacher Supplies</p><p> -23% 0FF </p><p>$13.86</p><a href="https://www.amazon.com/dp/B019QROV9S?tag=eloabder-20&linkCode=osi&th=1&psc=1">View Product</a></div>
<div class="product"><a href="https://www.amazon.com/dp/B082PN4X5J?tag=eloabder-20&linkCode=osi&th=1&psc=1"><img src="https://m.media-amazon.com/images/I/51o+eA8g6nL._SL500_.jpg" alt="Product Image"></a><p>Sharpie S-Gel Gel Pens, Black Barrel, Medium Point (0.7mm), Black Gel Ink Pens, 12 Count - Home, Office, School, Journaling, Writing, Note-Taking, Teacher Supplies</p><p> -14% 0FF </p><p>$11.97</p><a href="https://www.amazon.com/dp/B082PN4X5J?tag=eloabder-20&linkCode=osi&th=1&psc=1">View Product</a></div><div class="product"><a href="https://www.amazon.com/dp/B0C9W8DD9S?tag=eloabder-20&linkCode=osi&th=1&psc=1"><img src="https://m.media-amazon.com/images/I/41mdSvEwNZL._SL500_.jpg" alt="Product Image"></a><p>Ddaowanx Gel Pens, 6 Pcs 0.5mm Quick Dry Black Ink Pens Fine Point Smooth Writing Pens, Cute Office School Supplies Gifts for Women</p><p> -10% 0FF </p><p>$8.99</p><a href="https://www.amazon.com/dp/B0C9W8DD9S?tag=eloabder-20&linkCode=osi&th=1&psc=1">View Product</a></div><div class="product"><a href="https://www.amazon.com/dp/B019QBOG3U?tag=eloabder-20&linkCode=osi&th=1&psc=1"><img src="https://m.media-amazon.com/images/I/416PjSebDoL._SL500_.jpg" alt="Product Image"></a><p>Paper Mate Colorful Gel Pens - InkJoy Gel Pens Assorted Medium Point (0.7). Perfect for Vibrant Colored Writing and Sketching with Paper Mate InkJoy 14 Count</p><p> -18% 0FF </p><p>$10.31</p><a href="https://www.amazon.com/dp/B019QBOG3U?tag=eloabder-20&linkCode=osi&th=1&psc=1">View Product</a></div><div class="product"><a href="https://www.amazon.com/dp/B0C73JDN4S?tag=eloabder-20&linkCode=osi&th=1&psc=1"><img src="https://m.media-amazon.com/images/I/51DJUUxL7HL._SL500_.jpg" alt="Product Image"></a><p>Linbsunne Ballpoint Pens Black Medium Point 1mm Pen with Super Soft Grip Ball Point Pen for Men Women Retractable Pens (gold-12 pcs)</p><p> -10% 0FF </p><p>$8.99</p><a href="https://www.amazon.com/dp/B0C73JDN4S?tag=eloabder-20&linkCode=osi&th=1&psc=1">View Product</a></div><div class="product"><a href="https://www.amazon.com/dp/B001OTA66O?tag=eloabder-20&linkCode=osi&th=1&psc=1"><img src="https://m.media-amazon.com/images/I/41yS5tBZQLL._SL500_.jpg" alt="Product Image"></a><p>BIC Glide Black Retractable Ballpoint Pens, Medium Point (1.0mm), 4-Count Pack, Ultra Smooth Writing Black Pens</p><p> -40% 0FF </p><p>$2.99</p><a href="https://www.amazon.com/dp/B001OTA66O?tag=eloabder-20&linkCode=osi&th=1&psc=1">View Product</a></div>
<div class="product"><a href="https://www.amazon.com/dp/B002HVXXCW?tag=eloabder-20&linkCode=osi&th=1&psc=1"><img src="https://m.media-amazon.com/images/I/41JeEedXCeL._SL500_.jpg" alt="Product Image"></a><p>Ticonderoga Wood-Cased Pencils, Pre-Sharpened, 2 HB Soft, Yellow, 10 Count</p><p> -58% 0FF </p><p>$2.49</p><a href="https://www.amazon.com/dp/B002HVXXCW?tag=eloabder-20&linkCode=osi&th=1&psc=1">View Product</a></div><div class="product"><a href="https://www.amazon.com/dp/B077Q4B6YN?tag=eloabder-20&linkCode=osi&th=1&psc=1"><img src="https://m.media-amazon.com/images/I/4160YcHGDNL._SL500_.jpg" alt="Product Image"></a><p>Paper Mate 2017483 Mechanical Pencils for Handwriting, Triangular, 5/PK, AST</p><p> -45% 0FF </p><p>$3.47</p><a href="https://www.amazon.com/dp/B077Q4B6YN?tag=eloabder-20&linkCode=osi&th=1&psc=1">View Product</a></div>

<div class="product"><a href="https://www.amazon.com/dp/B0033J6V3A?tag=eloabder-20&linkCode=osi&th=1&psc=1"><img src="https://m.media-amazon.com/images/I/21o5ASbichL._SL500_.jpg" alt="Product Image"></a><p>NuSparc 2 Drawer Locking Filing Cabinet | Pre-Assembled Steel Construction | Space-Saving Design is Perfect for Home and Small Office | Letter-Size | Assembled in North America</p><p> -14% 0FF </p><p>$76.99</p><a href="https://www.amazon.com/dp/B0033J6V3A?tag=eloabder-20&linkCode=osi&th=1&psc=1">View Product</a></div><div class="product"><a href="https://www.amazon.com/dp/B0D9XYD75W?tag=eloabder-20&linkCode=osi&th=1&psc=1"><img src="https://m.media-amazon.com/images/I/31VM3xK++PL._SL500_.jpg" alt="Product Image"></a><p>BYNSOE 2 Drawer File Cabinet with Lock Vertical Filing Storage Cabinet Office Home Steel Vertical File Cabinets for Letter Size File Cabinet Locked,Assembly Required</p><p> -8% 0FF </p><p>$54.99</p><a href="https://www.amazon.com/dp/B0D9XYD75W?tag=eloabder-20&linkCode=osi&th=1&psc=1">View Product</a></div><div class="product"><a href="https://www.amazon.com/dp/B0989HLF81?tag=eloabder-20&linkCode=osi&th=1&psc=1"><img src="https://m.media-amazon.com/images/I/51vzgnkbcjL._SL500_.jpg" alt="Product Image"></a><p>DEVAISE 3 Drawer Mobile File Cabinet, Wood Lateral Filing Cabinet, Printer Stand with Open Shelves for Home Office, Rustic Brown</p><p> -21% 0FF </p><p>$74.99</p><a href="https://www.amazon.com/dp/B0989HLF81?tag=eloabder-20&linkCode=osi&th=1&psc=1">View Product</a></div>
<div class="product"><a href="https://www.amazon.com/dp/B00006RSQD?tag=eloabder-20&linkCode=osi&th=1&psc=1"><img src="https://m.media-amazon.com/images/I/315rez3KpeL._SL500_.jpg" alt="Product Image"></a><p>Bush Business Furniture Series C 36W Tall 5 Shelf Bookcase in Hansen Cherry, Large Storage and Display Bookshelf for Home or Professional Office</p><p> -8% 0FF </p><p>$239.49</p><a href="https://www.amazon.com/dp/B00006RSQD?tag=eloabder-20&linkCode=osi&th=1&psc=1">View Product</a></div>
<div class="product"><a href="https://www.amazon.com/dp/B09F6JPYSY?tag=eloabder-20&linkCode=osi&th=1&psc=1"><img src="https://m.media-amazon.com/images/I/51fGLH7lhHL._SL500_.jpg" alt="Product Image"></a><p>SPACELEAD Slim Storage Cart 3 Tier,Bathroom Organizer Rolling Utility,Mobile Shelving Unit Slide Out for Office, Kitchen, Laundry Room & Narrow Places,Black</p><p> -30% 0FF </p><p>$20.99</p><a href="https://www.amazon.com/dp/B09F6JPYSY?tag=eloabder-20&linkCode=osi&th=1&psc=1">View Product</a></div><div class="product"><a href="https://www.amazon.com/dp/B08KFTVGQY?tag=eloabder-20&linkCode=osi&th=1&psc=1"><img src="https://m.media-amazon.com/images/I/51BjUEmGaiL._SL500_.jpg" alt="Product Image"></a><p>SONGMICS Cube Storage Organizer, Set of 16 Plastic Cubes, Closet Organizers and Storage, Room Organization, Bedroom Living Room, 12.2 x 48.4 x 48.4 Inches, Rustic Brown ULPC442A01</p><p> -15% 0FF </p><p>$46.99</p><a href="https://www.amazon.com/dp/B08KFTVGQY?tag=eloabder-20&linkCode=osi&th=1&psc=1">View Product</a></div><div class="product"><a href="https://www.amazon.com/dp/B0DG359YX5?tag=eloabder-20&linkCode=osi&th=1&psc=1"><img src="https://m.media-amazon.com/images/I/41OBXL4HJdL._SL500_.jpg" alt="Product Image"></a><p>VIVO Clamp-on 13 inch Above or Below Desk 2-Tier Shelving Unit for Table Accessories, Gaming Devices, and More, Storage Tray, Desktop Organizer, Rustic Vintage Brown, STAND-SHELF2C-N</p><p> -20% 0FF </p><p>$39.99</p><a href="https://www.amazon.com/dp/B0DG359YX5?tag=eloabder-20&linkCode=osi&th=1&psc=1">View Product</a></div><div class="product"><a href="https://www.amazon.com/dp/B0D7S5GGP6?tag=eloabder-20&linkCode=osi&th=1&psc=1"><img src="https://m.media-amazon.com/images/I/51EriWG2BLL._SL500_.jpg" alt="Product Image"></a><p>C&AHOME Wire Cube Storage, 9 - Cube Organizer Metal C Grids, Modular Shelves Units, Closet Organizer, Ideal for Home, Office, Living Room, 36.6”L x 12.4”W x 48.4”H, Silver Gray UWCS3009G</p><p> -33% 0FF </p><p>$28.87</p><a href="https://www.amazon.com/dp/B0D7S5GGP6?tag=eloabder-20&linkCode=osi&th=1&psc=1">View Product</a></div>
<div class="product"><a href="https://www.amazon.com/dp/B0B1M6ML2J?tag=eloabder-20&linkCode=osi&th=1&psc=1"><img src="https://m.media-amazon.com/images/I/51pX2Qo38JL._SL500_.jpg" alt="Product Image"></a><p>WOWBOX 25 PCS Clear Plastic Drawer Organizer Set, 4 Sizes Desk Drawer Divider Organizers and Storage Bins for Makeup, Jewelry, Gadgets for Kitchen, Bedroom, Bathroom, Office</p><p> -35% 0FF </p><p>$16.13 ($0.65 / Count)</p><a href="https://www.amazon.com/dp/B0B1M6ML2J?tag=eloabder-20&linkCode=osi&th=1&psc=1">View Product</a></div><div class="product"><a href="https://www.amazon.com/dp/B0DB8F7GDN?tag=eloabder-20&linkCode=osi&th=1&psc=1"><img src="https://m.media-amazon.com/images/I/51iOtKHzvCL._SL500_.jpg" alt="Product Image"></a><p>OPNICE Desk Organizer and Accessories, 2-Tier Computer Monitor Stand Riser with Drawer and 2 Pen Holders, Laptop Stand, Office Desk Accessories for Office Supplies, Black</p><p> -27% 0FF </p><p>$21.99</p><a href="https://www.amazon.com/dp/B0DB8F7GDN?tag=eloabder-20&linkCode=osi&th=1&psc=1">View Product</a></div><div class="product"><a href="https://www.amazon.com/dp/B0FQ86P4M3?tag=eloabder-20&linkCode=osi&th=1&psc=1"><img src="https://m.media-amazon.com/images/I/41ZDdyGnPxL._SL500_.jpg" alt="Product Image"></a><p>Mind Reader 2-Tier Desk Organizer with Clamp, Accessory Shelf for Office or Gaming, Office, Metal, White</p><p> -5% 0FF </p><p>$37.99</p><a href="https://www.amazon.com/dp/B0FQ86P4M3?tag=eloabder-20&linkCode=osi&th=1&psc=1">View Product</a></div><div class="product"><a href="https://www.amazon.com/dp/B0BYDGF8DT?tag=eloabder-20&linkCode=osi&th=1&psc=1"><img src="https://m.media-amazon.com/images/I/51sE2GzgVNL._SL500_.jpg" alt="Product Image"></a><p>OPNICE Desk Organizer and Accessories, 4-Tier Desktop File Organizer with Drawer and 2 Pen Holders, Office Desk Accessories, Workspace Organizers for Office Supplies(Black)</p><p> -33% 0FF </p><p>$19.99</p><a href="https://www.amazon.com/dp/B0BYDGF8DT?tag=eloabder-20&linkCode=osi&th=1&psc=1">View Product</a></div><div class="product"><a href="https://www.amazon.com/dp/B0DJKSMV2T?tag=eloabder-20&linkCode=osi&th=1&psc=1"><img src="https://m.media-amazon.com/images/I/41gO3CCIg1L._SL500_.jpg" alt="Product Image"></a><p>gianotter Dual Monitor Stand Riser, Desk Organizer With Drawer and 2 Pen Holders, Computer Monitor Stand, Shelf for Top of Desk, Black</p><p> -28% 0FF </p><p>$25.99</p><a href="https://www.amazon.com/dp/B0DJKSMV2T?tag=eloabder-20&linkCode=osi&th=1&psc=1">View Product</a></div><div class="product"><a href="https://www.amazon.com/dp/B0BWTT3WK1?tag=eloabder-20&linkCode=osi&th=1&psc=1"><img src="https://m.media-amazon.com/images/I/51JTe2SjicL._SL500_.jpg" alt="Product Image"></a><p>gianotter Desk Organizers and Accessories with File Holder, 4-Tier Desk Accessories & Workspace Organizers with Drawer and 2 Pen Holder, Paper Organizer for Office Supplies (Rose Gold)</p><p> -27% 0FF </p><p>$23.99</p><a href="https://www.amazon.com/dp/B0BWTT3WK1?tag=eloabder-20&linkCode=osi&th=1&psc=1">View Product</a></div><div class="product"><a href="https://www.amazon.com/dp/B09QKDY1YY?tag=eloabder-20&linkCode=osi&th=1&psc=1"><img src="https://m.media-amazon.com/images/I/519UVM73B6L._SL500_.jpg" alt="Product Image"></a><p>Supeasy 5 Trays Paper Organizer Letter Tray with Handle-Mesh Desk File Organizer, Paper Sorter Desk Organizer for Office, Home or School</p><p> -17% 0FF </p><p>$19.99</p><a href="https://www.amazon.com/dp/B09QKDY1YY?tag=eloabder-20&linkCode=osi&th=1&psc=1">View Product</a></div><div class="product"><a href="https://www.amazon.com/dp/B08PBFKGJG?tag=eloabder-20&linkCode=osi&th=1&psc=1"><img src="https://m.media-amazon.com/images/I/61WfW0WLsqL._SL500_.jpg" alt="Product Image"></a><p>Marbrasse 6 Tier Paper Organizer Letter Tray - Mesh Desk File Organizer with Handle, Paper Sorter Organizer for Letter/A4 Office File Folder Holder - Black</p><p> -23% 0FF </p><p>$19.98</p><a href="https://www.amazon.com/dp/B08PBFKGJG?tag=eloabder-20&linkCode=osi&th=1&psc=1">View Product</a></div><div class="product"><a href="https://www.amazon.com/dp/B09K5927B5?tag=eloabder-20&linkCode=osi&th=1&psc=1"><img src="https://m.media-amazon.com/images/I/51u5tZ4jR6L._SL500_.jpg" alt="Product Image"></a><p>Marbrasse Desk Organizer with File Holder, 5-Tier Paper Letter Tray Organizer with Drawer and 2 Pen Holder, Mesh Desktop Organizer and Storage with Magazine Holder for Office Supplies(Black)</p><p> -24% 0FF </p><p>$33.99</p><a href="https://www.amazon.com/dp/B09K5927B5?tag=eloabder-20&linkCode=osi&th=1&psc=1">View Product</a></div>
<div class="product"><a href="https://www.amazon.com/dp/B0CNXF7SVS?tag=eloabder-20&linkCode=osi&th=1&psc=1"><img src="https://m.media-amazon.com/images/I/51a6EswyTZL._SL500_.jpg" alt="Product Image"></a><p>Manalete Drawer Organizers Set of 15, 4 Sizes Clear Plastic Drawer Organizers and Storage Bins for Kitchen, Bathroom, Office, Dresser Desk Drawer Organizer Tray for Jewelry, Makeup, Junk, Gadgets</p><p> -29% 0FF </p><p>$9.99</p><a href="https://www.amazon.com/dp/B0CNXF7SVS?tag=eloabder-20&linkCode=osi&th=1&psc=1">View Product</a></div><div class="product"><a href="https://www.amazon.com/dp/B0CCY5X6SS?tag=eloabder-20&linkCode=osi&th=1&psc=1"><img src="https://m.media-amazon.com/images/I/41Iye-vPXJL._SL500_.jpg" alt="Product Image"></a><p>Bamboo Drawer Organizer Set, 5 PCS Multi-Use Individual Wood Storage Organizers, Junk Drawer Divider and Storage Trays Containers for Kitchen, Bathroom, Office Desk, Makeup, Jewelry, Utensils</p><p> -20% 0FF </p><p>$19.99 ($4.00 / Count)</p><a href="https://www.amazon.com/dp/B0CCY5X6SS?tag=eloabder-20&linkCode=osi&th=1&psc=1">View Product</a></div><div class="product"><a href="https://www.amazon.com/dp/B0CCDJQ7MM?tag=eloabder-20&linkCode=osi&th=1&psc=1"><img src="https://m.media-amazon.com/images/I/51kU0WJxdsL._SL500_.jpg" alt="Product Image"></a><p>Marbrasse Expandable Desk Drawer Organizer, Mesh Drawer Organizer Tray with 10 Adjustable Compartments, Desk Organizers and Accessories, 5 Dividers Drawer for Office Supplies, Makeup & Vanity (Black)</p><p> -15% 0FF </p><p>$17.84</p><a href="https://www.amazon.com/dp/B0CCDJQ7MM?tag=eloabder-20&linkCode=osi&th=1&psc=1">View Product</a></div><div class="product"><a href="https://www.amazon.com/dp/B0DM27MBZN?tag=eloabder-20&linkCode=osi&th=1&psc=1"><img src="https://m.media-amazon.com/images/I/41hAfSMnrZL._SL500_.jpg" alt="Product Image"></a><p>ElegantArray 12 PCS Drawer Organizer Set, 4 Sizes Storage Drawer Units, Clear Plastic Makeup Vanity Organizer and Storage Bins for Makeup, Stationeries, Multiple Gadgets for Bathroom, Office, Bedroom</p><p> -31% 0FF </p><p>$8.99</p><a href="https://www.amazon.com/dp/B0DM27MBZN?tag=eloabder-20&linkCode=osi&th=1&psc=1">View Product</a></div>
<div class="product"><a href="https://www.amazon.com/dp/B0C4T42TPC?tag=eloabder-20&linkCode=osi&th=1&psc=1"><img src="https://m.media-amazon.com/images/I/318IsyAsPXL._SL500_.jpg" alt="Product Image"></a><p>Adjustable Mobile CPU Stand, Ventilated Computer Tower Stand with 4 Caster Wheels Fits Most PC Tower, Under Desk CPU Holder PC Floor Cart Computer Riser for Gamers and Students (Black)</p><p> -21% 0FF </p><p>$14.21</p><a href="https://www.amazon.com/dp/B0C4T42TPC?tag=eloabder-20&linkCode=osi&th=1&psc=1">View Product</a></div><div class="product"><a href="https://www.amazon.com/dp/B094QTGHNZ?tag=eloabder-20&linkCode=osi&th=1&psc=1"><img src="https://m.media-amazon.com/images/I/31VzBQ+jwWL._SL500_.jpg" alt="Product Image"></a><p>WALI Computer Monitor Stand for Desk, Adjustable Laptop Riser, Desk Monitor Stand Underneath Storage for Office, Home, School Supplies (STT003), 1 Pack, Black</p><p> -32% 0FF </p><p>$16.99</p><a href="https://www.amazon.com/dp/B094QTGHNZ?tag=eloabder-20&linkCode=osi&th=1&psc=1">View Product</a></div><div class="product"><a href="https://www.amazon.com/dp/B07H4DMLVH?tag=eloabder-20&linkCode=osi&th=1&psc=1"><img src="https://m.media-amazon.com/images/I/31eTfKhpSWL._SL500_.jpg" alt="Product Image"></a><p>HUANUO Monitor Stand, Monitor Stand Riser 3 Height Adjustable, Monitor Riser with Airflow Vents, Laptop Stand for Desk, Laptop Riser, Desk Organizer for Monitor, 15.6" Laptop, PC, Printer</p><p> -11% 0FF </p><p>$15.19</p><a href="https://www.amazon.com/dp/B07H4DMLVH?tag=eloabder-20&linkCode=osi&th=1&psc=1">View Product</a></div><div class="product"><a href="https://www.amazon.com/dp/B0D69W6H91?tag=eloabder-20&linkCode=osi&th=1&psc=1"><img src="https://m.media-amazon.com/images/I/51rQI+gi3lL._SL500_.jpg" alt="Product Image"></a><p>JANE EYRE Computer Tower Stand - Adjustable PC Tower Stand CPU Holder Cart with Charging Station for Office Home Classroom,23.03"-28.3" H, black</p><p> -10% 0FF </p><p>$53.99</p><a href="https://www.amazon.com/dp/B0D69W6H91?tag=eloabder-20&linkCode=osi&th=1&psc=1">View Product</a></div><div class="product"><a href="https://www.amazon.com/dp/B0C4T34L9Y?tag=eloabder-20&linkCode=osi&th=1&psc=1"><img src="https://m.media-amazon.com/images/I/51BNMGXNOEL._SL500_.jpg" alt="Product Image"></a><p>BONTEC Wooden Monitor Stand Riser, 2-Tier Desk Shelf with Storage Organizer, Ergonomic Computer Stand with Cable Management, Cellphone Holder, White, 16.5 Inch</p><p> -33% 0FF </p><p>$18.04</p><a href="https://www.amazon.com/dp/B0C4T34L9Y?tag=eloabder-20&linkCode=osi&th=1&psc=1">View Product</a></div><div class="product"><a href="https://www.amazon.com/dp/B08BRCT4JH?tag=eloabder-20&linkCode=osi&th=1&psc=1"><img src="https://m.media-amazon.com/images/I/41Ga6A+cXbL._SL500_.jpg" alt="Product Image"></a><p>BESIGN LS03 Aluminum Laptop Stand, Ergonomic Detachable Computer Stand, Notebook Riser Compatible with Air, Pro, Dell, HP, Lenovo More 10-15.6" Laptops, Silver</p><p> -25% 0FF </p><p>$14.98</p><a href="https://www.amazon.com/dp/B08BRCT4JH?tag=eloabder-20&linkCode=osi&th=1&psc=1">View Product</a></div>
<div class="product"><a href="https://www.amazon.com/dp/B07Q79ZZJ6?tag=eloabder-20&linkCode=osi&th=1&psc=1"><img src="https://m.media-amazon.com/images/I/31-LBzENQIL._SL500_.jpg" alt="Product Image"></a><p>Single LCD Computer Monitor Free-Standing Desk Stand Mount Riser for 13 inch to 32 inch screen with Swivel, Height Adjustable, Rotation, Vesa Base Stand Holds One (1) Screen up to 77Lbs(HT05B-001))</p><p> -34% 0FF </p><p>$21.99</p><a href="https://www.amazon.com/dp/B07Q79ZZJ6?tag=eloabder-20&linkCode=osi&th=1&psc=1">View Product</a></div><div class="product"><a href="https://www.amazon.com/dp/B082845XM8?tag=eloabder-20&linkCode=osi&th=1&psc=1"><img src="https://m.media-amazon.com/images/I/41uRH1B7HgL._SL500_.jpg" alt="Product Image"></a><p>Dual Monitor Stand - Vertical Stack Screen Free-Standing Monitor Riser Fits Two 13 to 34 Inch Screen with Swivel, Tilt, Height Adjustable, Holds One (1) Screen Up to 44Lbs</p><p> -5% 0FF </p><p>$31.56</p><a href="https://www.amazon.com/dp/B082845XM8?tag=eloabder-20&linkCode=osi&th=1&psc=1">View Product</a></div><div class="product"><a href="https://www.amazon.com/dp/B00X4SCCFG?tag=eloabder-20&linkCode=osi&th=1&psc=1"><img src="https://m.media-amazon.com/images/I/21X2klzUZGL._SL500_.jpg" alt="Product Image"></a><p>Amazon Basics Height Adjustable Rectangular Computer Monitor Riser Desk Stand with Storage for Reduced Neck Strain - Fits Monitors, Laptops Up to 22lbs, Black</p><p> -35% 0FF </p><p>$14.06</p><a href="https://www.amazon.com/dp/B00X4SCCFG?tag=eloabder-20&linkCode=osi&th=1&psc=1">View Product</a></div>
<div class="product"><a href="https://www.amazon.com/dp/B07HFDJCSL?tag=eloabder-20&linkCode=osi&th=1&psc=1"><img src="https://m.media-amazon.com/images/I/41DR7qY1naL._SL500_.jpg" alt="Product Image"></a><p>VIVO Large Keyboard Tray Under Desk Pull Out with Extra Sturdy C Clamp Mount System, 27 (33 Including Clamps) x 11 Inch Slide-Out Platform Computer Drawer for Typing, Black, MOUNT-KB05E</p><p> -17% 0FF </p><p>$49.99</p><a href="https://www.amazon.com/dp/B07HFDJCSL?tag=eloabder-20&linkCode=osi&th=1&psc=1">View Product</a></div><div class="product"><a href="https://www.amazon.com/dp/B082NKBM62?tag=eloabder-20&linkCode=osi&th=1&psc=1"><img src="https://m.media-amazon.com/images/I/41qQ3p9-mrL._SL500_.jpg" alt="Product Image"></a><p>HUANUO Keyboard Tray Under Desk, 360 Adjustable Ergonomic Sliding Keyboard & Mouse Tray, Under Desk Keyboard Tray Slide Out, Keyboard Holder Under Desk for Typing in Home, Office Work, 25"W x 9.84"D</p><p> -33% 0FF </p><p>$59.98</p><a href="https://www.amazon.com/dp/B082NKBM62?tag=eloabder-20&linkCode=osi&th=1&psc=1">View Product</a></div><div class="product"><a href="https://www.amazon.com/dp/B0F23GTKHL?tag=eloabder-20&linkCode=osi&th=1&psc=1"><img src="https://m.media-amazon.com/images/I/41dmHoeznDL._SL500_.jpg" alt="Product Image"></a><p>Zontera Ergonomic Mouse & Keyboard Tray Under Desk, Pull Out with Adjustable C-clamp, 20 (25.9 Including Clamps) x 11.8 Inch Slide Out Computer Keyboard Drawer Mouse Tray for Typing, Black</p><p> -7% 0FF </p><p>$25.99</p><a href="https://www.amazon.com/dp/B0F23GTKHL?tag=eloabder-20&linkCode=osi&th=1&psc=1">View Product</a></div><div class="product"><a href="https://www.amazon.com/dp/B01IIGMBVI?tag=eloabder-20&linkCode=osi&th=1&psc=1"><img src="https://m.media-amazon.com/images/I/21Vw8003F0L._SL500_.jpg" alt="Product Image"></a><p>Alera ALE Valencia Series Underdesk Keyboard/Mouse Shelf, 28w x 12d, Black</p><p> -50% 0FF </p><p>$29.22</p><a href="https://www.amazon.com/dp/B01IIGMBVI?tag=eloabder-20&linkCode=osi&th=1&psc=1">View Product</a></div>
<div class="product"><a href="https://www.amazon.com/dp/B07C3XZMC6?tag=eloabder-20&linkCode=osi&th=1&psc=1"><img src="https://m.media-amazon.com/images/I/31Eojf7glwL._SL500_.jpg" alt="Product Image"></a><p>JIKIOU 3 Pack Mouse Pad with Stitched Edge, Comfortable Mouse Pads with Non-Slip Rubber Base, Washable Mousepads Bulk with Comfortable Cloth, Mouse Pads for Computers Laptop Mouse 10.2x8.3inch Black</p><p> -29% 0FF </p><p>$7.99</p><a href="https://www.amazon.com/dp/B07C3XZMC6?tag=eloabder-20&linkCode=osi&th=1&psc=1">View Product</a></div><div class="product"><a href="https://www.amazon.com/dp/B085XRMSTT?tag=eloabder-20&linkCode=osi&th=1&psc=1"><img src="https://m.media-amazon.com/images/I/31aDSI0sFoL._SL500_.jpg" alt="Product Image"></a><p>EooCoo Ergonomic Mouse Pad with Wrist Support, Mousepad with Memory Foam Wrist Rest and Non-Slip Base for Computer, Cafe, Home & Office, 9.64 x 8.26 in Office Desk Accessories</p><p> -36% 0FF </p><p>$6.99</p><a href="https://www.amazon.com/dp/B085XRMSTT?tag=eloabder-20&linkCode=osi&th=1&psc=1">View Product</a></div>
<div class="product"><a href="https://www.amazon.com/dp/B0BRCJL4MM?tag=eloabder-20&linkCode=osi&th=1&psc=1"><img src="https://m.media-amazon.com/images/I/41sggzaNbPL._SL500_.jpg" alt="Product Image"></a><p>Led Desk Lamp for Office Home - Eye Caring Architect lamp with Clamp,Dual Screen Computer Monitor Gooseneck Smart Light: 24W 5 Color Flexible Adjustable Lighting Table Lamp for Study Drafting</p><p> -13% 0FF </p><p>$69.99</p><a href="https://www.amazon.com/dp/B0BRCJL4MM?tag=eloabder-20&linkCode=osi&th=1&psc=1">View Product</a></div><div class="product"><a href="https://www.amazon.com/dp/B0BNHNG5CY?tag=eloabder-20&linkCode=osi&th=1&psc=1"><img src="https://m.media-amazon.com/images/I/51ccmdZe2YL._SL500_.jpg" alt="Product Image"></a><p>Micomlan Led Desk Lamp with Clamp, Architect Desk Lamp for Home Office with Atmosphere Lighting, 24W Ultra Bright Auto Dimming Computer Light Stepless Dimming and Tempering LED Table Light</p><p> -27% 0FF </p><p>$49.99</p><a href="https://www.amazon.com/dp/B0BNHNG5CY?tag=eloabder-20&linkCode=osi&th=1&psc=1">View Product</a></div><div class="product"><a href="https://www.amazon.com/dp/B078W61H9P?tag=eloabder-20&linkCode=osi&th=1&psc=1"><img src="https://m.media-amazon.com/images/I/31aebwb3nqL._SL500_.jpg" alt="Product Image"></a><p>LEPOWER Metal Desk Lamp, Eye-Caring Table Lamp, Study Lamps with Flexible Goose Neck for Bedroom, Home Office (Matte Black)</p><p> -24% 0FF </p><p>$24.99</p><a href="https://www.amazon.com/dp/B078W61H9P?tag=eloabder-20&linkCode=osi&th=1&psc=1">View Product</a></div><div class="product"><a href="https://www.amazon.com/dp/B0D1DLY4H4?tag=eloabder-20&linkCode=osi&th=1&psc=1"><img src="https://m.media-amazon.com/images/I/41sKiuSIwRL._SL500_.jpg" alt="Product Image"></a><p>SKYLEO Led Desk Lamp - Desk Light for 31.5" Tall - 5 Color Modes X 11 Brightness Levels - Adjustable Swing Arm - Timmer & Memory Function - 12W Lamp for Desk - Black</p><p> -23% 0FF </p><p>$19.99</p><a href="https://www.amazon.com/dp/B0D1DLY4H4?tag=eloabder-20&linkCode=osi&th=1&psc=1">View Product</a></div><div class="product"><a href="https://www.amazon.com/dp/B0D2LGK82V?tag=eloabder-20&linkCode=osi&th=1&psc=1"><img src="https://m.media-amazon.com/images/I/41UpQ-qygDL._SL500_.jpg" alt="Product Image"></a><p>Addtam LED Desk Lamp, Power Strip with 3 Outlets 4 USB Charging Ports(2 USBC), 4 Modes 5 Level Brightness Touch Lamp, Small Desk Lamp for Home Office College Dorm Room Essentials</p><p> -23% 0FF </p><p>$16.99</p><a href="https://www.amazon.com/dp/B0D2LGK82V?tag=eloabder-20&linkCode=osi&th=1&psc=1">View Product</a></div><div class="product"><a href="https://www.amazon.com/dp/B08LMTQ7ZF?tag=eloabder-20&linkCode=osi&th=1&psc=1"><img src="https://m.media-amazon.com/images/I/21vKPX2KHML._SL500_.jpg" alt="Product Image"></a><p>Lepro LED Desk Lamp for Home Office, 9.5W 750LM Metal Touch Control Desk Light, 5 Color Modes 5 Brightness Level, Eye Caring Task Lamp For Reading, Sewing, Crafts, School Supplies, Puzzle Light, Black</p><p> -13% 0FF </p><p>$24.99</p><a href="https://www.amazon.com/dp/B08LMTQ7ZF?tag=eloabder-20&linkCode=osi&th=1&psc=1">View Product</a></div>
<div class="product"><a href="https://www.amazon.com/dp/B0D7BXNDP4?tag=eloabder-20&linkCode=osi&th=1&psc=1"><img src="https://m.media-amazon.com/images/I/41DuEunZ1+L._SL500_.jpg" alt="Product Image"></a><p>Monitor Fan with Clamp & Light Bar Desk Lamp with fan for Office mini Desk fan small quiet with lamp for PC Laptops Tablet for Home Office Portable Working Reading Stand Lamp</p><p> -5% 0FF </p><p>$15.19</p><a href="https://www.amazon.com/dp/B0D7BXNDP4?tag=eloabder-20&linkCode=osi&th=1&psc=1">View Product</a></div><div class="product"><a href="https://www.amazon.com/dp/B07K1D41DC?tag=eloabder-20&linkCode=osi&th=1&psc=1"><img src="https://m.media-amazon.com/images/I/310MAouNV-L._SL500_.jpg" alt="Product Image"></a><p>OttLite Cool Breeze LED Lamp with Bladeless Fan - 3 Speed Options & 5 Brightness Settings with Energy Efficient Natural Daylight LEDs - Desktop, Table or Nightstand Lamp for Studying or Reading</p><p> -14% 0FF </p><p>$89.98</p><a href="https://www.amazon.com/dp/B07K1D41DC?tag=eloabder-20&linkCode=osi&th=1&psc=1">View Product</a></div>
<div class="product"><a href="https://www.amazon.com/dp/B0CXSXL1F2?tag=eloabder-20&linkCode=osi&th=1&psc=1"><img src="https://m.media-amazon.com/images/I/41H6cndt7iL._SL500_.jpg" alt="Product Image"></a><p>9 Pack Lined Sticky Notes 4x6 in Post Sticky Notes with Lines, 9 Bright Colors Self Sticky Notes Pad Its, Large Ruled Sticky Note for Office, Home, 35 Sheets/Pad</p><p> -33% 0FF </p><p>$7.99</p><a href="https://www.amazon.com/dp/B0CXSXL1F2?tag=eloabder-20&linkCode=osi&th=1&psc=1">View Product</a></div><div class="product"><a href="https://www.amazon.com/dp/B019QROV9S?tag=eloabder-20&linkCode=osi&th=1&psc=1"><img src="https://m.media-amazon.com/images/I/51OsStyntzL._SL500_.jpg" alt="Product Image"></a><p>Sharpie Clear View Highlighter Sticks, Chisel Tip, Assorted Fluorescent, 8 Count - School, Home, and Office Use, Teacher Supplies</p><p> -23% 0FF </p><p>$13.86</p><a href="https://www.amazon.com/dp/B019QROV9S?tag=eloabder-20&linkCode=osi&th=1&psc=1">View Product</a></div>
<div class="product"><a href="https://www.amazon.com/dp/B082PN4X5J?tag=eloabder-20&linkCode=osi&th=1&psc=1"><img src="https://m.media-amazon.com/images/I/51o+eA8g6nL._SL500_.jpg" alt="Product Image"></a><p>Sharpie S-Gel Gel Pens, Black Barrel, Medium Point (0.7mm), Black Gel Ink Pens, 12 Count - Home, Office, School, Journaling, Writing, Note-Taking, Teacher Supplies</p><p> -14% 0FF </p><p>$11.97</p><a href="https://www.amazon.com/dp/B082PN4X5J?tag=eloabder-20&linkCode=osi&th=1&psc=1">View Product</a></div><div class="product"><a href="https://www.amazon.com/dp/B0C9W8DD9S?tag=eloabder-20&linkCode=osi&th=1&psc=1"><img src="https://m.media-amazon.com/images/I/41mdSvEwNZL._SL500_.jpg" alt="Product Image"></a><p>Ddaowanx Gel Pens, 6 Pcs 0.5mm Quick Dry Black Ink Pens Fine Point Smooth Writing Pens, Cute Office School Supplies Gifts for Women</p><p> -10% 0FF </p><p>$8.99</p><a href="https://www.amazon.com/dp/B0C9W8DD9S?tag=eloabder-20&linkCode=osi&th=1&psc=1">View Product</a></div><div class="product"><a href="https://www.amazon.com/dp/B019QBOG3U?tag=eloabder-20&linkCode=osi&th=1&psc=1"><img src="https://m.media-amazon.com/images/I/416PjSebDoL._SL500_.jpg" alt="Product Image"></a><p>Paper Mate Colorful Gel Pens - InkJoy Gel Pens Assorted Medium Point (0.7). Perfect for Vibrant Colored Writing and Sketching with Paper Mate InkJoy 14 Count</p><p> -18% 0FF </p><p>$10.31</p><a href="https://www.amazon.com/dp/B019QBOG3U?tag=eloabder-20&linkCode=osi&th=1&psc=1">View Product</a></div><div class="product"><a href="https://www.amazon.com/dp/B0C73JDN4S?tag=eloabder-20&linkCode=osi&th=1&psc=1"><img src="https://m.media-amazon.com/images/I/51DJUUxL7HL._SL500_.jpg" alt="Product Image"></a><p>Linbsunne Ballpoint Pens Black Medium Point 1mm Pen with Super Soft Grip Ball Point Pen for Men Women Retractable Pens (gold-12 pcs)</p><p> -10% 0FF </p><p>$8.99</p><a href="https://www.amazon.com/dp/B0C73JDN4S?tag=eloabder-20&linkCode=osi&th=1&psc=1">View Product</a></div><div class="product"><a href="https://www.amazon.com/dp/B001OTA66O?tag=eloabder-20&linkCode=osi&th=1&psc=1"><img src="https://m.media-amazon.com/images/I/41yS5tBZQLL._SL500_.jpg" alt="Product Image"></a><p>BIC Glide Black Retractable Ballpoint Pens, Medium Point (1.0mm), 4-Count Pack, Ultra Smooth Writing Black Pens</p><p> -40% 0FF </p><p>$2.99</p><a href="https://www.amazon.com/dp/B001OTA66O?tag=eloabder-20&linkCode=osi&th=1&psc=1">View Product</a></div>
<div class="product"><a href="https://www.amazon.com/dp/B002HVXXCW?tag=eloabder-20&linkCode=osi&th=1&psc=1"><img src="https://m.media-amazon.com/images/I/41JeEedXCeL._SL500_.jpg" alt="Product Image"></a><p>Ticonderoga Wood-Cased Pencils, Pre-Sharpened, 2 HB Soft, Yellow, 10 Count</p><p> -58% 0FF </p><p>$2.49</p><a href="https://www.amazon.com/dp/B002HVXXCW?tag=eloabder-20&linkCode=osi&th=1&psc=1">View Product</a></div><div class="product"><a href="https://www.amazon.com/dp/B077Q4B6YN?tag=eloabder-20&linkCode=osi&th=1&psc=1"><img src="https://m.media-amazon.com/images/I/4160YcHGDNL._SL500_.jpg" alt="Product Image"></a><p>Paper Mate 2017483 Mechanical Pencils for Handwriting, Triangular, 5/PK, AST</p><p> -45% 0FF </p><p>$3.47</p><a href="https://www.amazon.com/dp/B077Q4B6YN?tag=eloabder-20&linkCode=osi&th=1&psc=1">View Product</a></div>
<div class="product"><a href="https://www.amazon.com/dp/B0D7YTZNRF?tag=eloabder-20&linkCode=osi&th=1&psc=1"><img src="https://m.media-amazon.com/images/I/41hSbSlNAmL._SL500_.jpg" alt="Product Image"></a><p>YASNAY Alcohol Markers, 48 Colors Dual Tip Art Marker, Drawing Markers, Coloring Marker for Kids Sketching Adult Coloring</p><p> -27% 0FF </p><p>$10.99</p><a href="https://www.amazon.com/dp/B0D7YTZNRF?tag=eloabder-20&linkCode=osi&th=1&psc=1">View Product</a></div><div class="product"><a href="https://www.amazon.com/dp/B07CJ8QXF8?tag=eloabder-20&linkCode=osi&th=1&psc=1"><img src="https://m.media-amazon.com/images/I/51bChi4-H4L._SL500_.jpg" alt="Product Image"></a><p>Dual Markers Brush Pens, 36 Fine Point Art Marker, Double Tip Colored Pen for Adult Coloring Hand Lettering, School Classroom Art Suppliers</p><p> -20% 0FF </p><p>$7.98</p><a href="https://www.amazon.com/dp/B07CJ8QXF8?tag=eloabder-20&linkCode=osi&th=1&psc=1">View Product</a></div><div class="product"><a href="https://www.amazon.com/dp/B071CP6X88?tag=eloabder-20&linkCode=osi&th=1&psc=1"><img src="https://m.media-amazon.com/images/I/41sNeEYkTNL._SL500_.jpg" alt="Product Image"></a><p>Crayola Super Tips Marker Set for Kids (100ct), Broad Tip & Fine Point Washable Art Markers for Kids, Bulk School Supplies, Teacher Classroom Must Haves, Drawing Supplies</p><p> -19% 0FF </p><p>$16.29</p><a href="https://www.amazon.com/dp/B071CP6X88?tag=eloabder-20&linkCode=osi&th=1&psc=1">View Product</a></div><div class="product"><a href="https://www.amazon.com/dp/B08MBFPFCQ?tag=eloabder-20&linkCode=osi&th=1&psc=1"><img src="https://m.media-amazon.com/images/I/51DaGL7Z4oL._SL500_.jpg" alt="Product Image"></a><p>Sharpie Permanent Markers Variety Pack, Includes Chisel, Fine, and Ultra-Fine Tips, Marker Set, Writing, Coloring, Poster, Office, School Supplies, Black, 6 Count</p><p> -19% 0FF </p><p>$4.63 ($0.77 / Count)</p><a href="https://www.amazon.com/dp/B08MBFPFCQ?tag=eloabder-20&linkCode=osi&th=1&psc=1">View Product</a></div>

<div class="product"><a href="https://www.amazon.com/dp/B0033J6V3A?tag=eloabder-20&linkCode=osi&th=1&psc=1"><img src="https://m.media-amazon.com/images/I/21o5ASbichL._SL500_.jpg" alt="Product Image"></a><p>NuSparc 2 Drawer Locking Filing Cabinet | Pre-Assembled Steel Construction | Space-Saving Design is Perfect for Home and Small Office | Letter-Size | Assembled in North America</p><p> -14% 0FF </p><p>$76.99</p><a href="https://www.amazon.com/dp/B0033J6V3A?tag=eloabder-20&linkCode=osi&th=1&psc=1">View Product</a></div><div class="product"><a href="https://www.amazon.com/dp/B0D9XYD75W?tag=eloabder-20&linkCode=osi&th=1&psc=1"><img src="https://m.media-amazon.com/images/I/31VM3xK++PL._SL500_.jpg" alt="Product Image"></a><p>BYNSOE 2 Drawer File Cabinet with Lock Vertical Filing Storage Cabinet Office Home Steel Vertical File Cabinets for Letter Size File Cabinet Locked,Assembly Required</p><p> -8% 0FF </p><p>$54.99</p><a href="https://www.amazon.com/dp/B0D9XYD75W?tag=eloabder-20&linkCode=osi&th=1&psc=1">View Product</a></div><div class="product"><a href="https://www.amazon.com/dp/B0989HLF81?tag=eloabder-20&linkCode=osi&th=1&psc=1"><img src="https://m.media-amazon.com/images/I/51vzgnkbcjL._SL500_.jpg" alt="Product Image"></a><p>DEVAISE 3 Drawer Mobile File Cabinet, Wood Lateral Filing Cabinet, Printer Stand with Open Shelves for Home Office, Rustic Brown</p><p> -21% 0FF </p><p>$74.99</p><a href="https://www.amazon.com/dp/B0989HLF81?tag=eloabder-20&linkCode=osi&th=1&psc=1">View Product</a></div>
<div class="product"><a href="https://www.amazon.com/dp/B00006RSQD?tag=eloabder-20&linkCode=osi&th=1&psc=1"><img src="https://m.media-amazon.com/images/I/315rez3KpeL._SL500_.jpg" alt="Product Image"></a><p>Bush Business Furniture Series C 36W Tall 5 Shelf Bookcase in Hansen Cherry, Large Storage and Display Bookshelf for Home or Professional Office</p><p> -8% 0FF </p><p>$239.49</p><a href="https://www.amazon.com/dp/B00006RSQD?tag=eloabder-20&linkCode=osi&th=1&psc=1">View Product</a></div>
<div class="product"><a href="https://www.amazon.com/dp/B09F6JPYSY?tag=eloabder-20&linkCode=osi&th=1&psc=1"><img src="https://m.media-amazon.com/images/I/51fGLH7lhHL._SL500_.jpg" alt="Product Image"></a><p>SPACELEAD Slim Storage Cart 3 Tier,Bathroom Organizer Rolling Utility,Mobile Shelving Unit Slide Out for Office, Kitchen, Laundry Room & Narrow Places,Black</p><p> -30% 0FF </p><p>$20.99</p><a href="https://www.amazon.com/dp/B09F6JPYSY?tag=eloabder-20&linkCode=osi&th=1&psc=1">View Product</a></div><div class="product"><a href="https://www.amazon.com/dp/B08KFTVGQY?tag=eloabder-20&linkCode=osi&th=1&psc=1"><img src="https://m.media-amazon.com/images/I/51BjUEmGaiL._SL500_.jpg" alt="Product Image"></a><p>SONGMICS Cube Storage Organizer, Set of 16 Plastic Cubes, Closet Organizers and Storage, Room Organization, Bedroom Living Room, 12.2 x 48.4 x 48.4 Inches, Rustic Brown ULPC442A01</p><p> -15% 0FF </p><p>$46.99</p><a href="https://www.amazon.com/dp/B08KFTVGQY?tag=eloabder-20&linkCode=osi&th=1&psc=1">View Product</a></div><div class="product"><a href="https://www.amazon.com/dp/B0DG359YX5?tag=eloabder-20&linkCode=osi&th=1&psc=1"><img src="https://m.media-amazon.com/images/I/41OBXL4HJdL._SL500_.jpg" alt="Product Image"></a><p>VIVO Clamp-on 13 inch Above or Below Desk 2-Tier Shelving Unit for Table Accessories, Gaming Devices, and More, Storage Tray, Desktop Organizer, Rustic Vintage Brown, STAND-SHELF2C-N</p><p> -20% 0FF </p><p>$39.99</p><a href="https://www.amazon.com/dp/B0DG359YX5?tag=eloabder-20&linkCode=osi&th=1&psc=1">View Product</a></div><div class="product"><a href="https://www.amazon.com/dp/B0D7S5GGP6?tag=eloabder-20&linkCode=osi&th=1&psc=1"><img src="https://m.media-amazon.com/images/I/51EriWG2BLL._SL500_.jpg" alt="Product Image"></a><p>C&AHOME Wire Cube Storage, 9 - Cube Organizer Metal C Grids, Modular Shelves Units, Closet Organizer, Ideal for Home, Office, Living Room, 36.6”L x 12.4”W x 48.4”H, Silver Gray UWCS3009G</p><p> -33% 0FF </p><p>$28.87</p><a href="https://www.amazon.com/dp/B0D7S5GGP6?tag=eloabder-20&linkCode=osi&th=1&psc=1">View Product</a></div>
<div class="product"><a href="https://www.amazon.com/dp/B0B1M6ML2J?tag=eloabder-20&linkCode=osi&th=1&psc=1"><img src="https://m.media-amazon.com/images/I/51pX2Qo38JL._SL500_.jpg" alt="Product Image"></a><p>WOWBOX 25 PCS Clear Plastic Drawer Organizer Set, 4 Sizes Desk Drawer Divider Organizers and Storage Bins for Makeup, Jewelry, Gadgets for Kitchen, Bedroom, Bathroom, Office</p><p> -35% 0FF </p><p>$16.13 ($0.65 / Count)</p><a href="https://www.amazon.com/dp/B0B1M6ML2J?tag=eloabder-20&linkCode=osi&th=1&psc=1">View Product</a></div><div class="product"><a href="https://www.amazon.com/dp/B0DB8F7GDN?tag=eloabder-20&linkCode=osi&th=1&psc=1"><img src="https://m.media-amazon.com/images/I/51iOtKHzvCL._SL500_.jpg" alt="Product Image"></a><p>OPNICE Desk Organizer and Accessories, 2-Tier Computer Monitor Stand Riser with Drawer and 2 Pen Holders, Laptop Stand, Office Desk Accessories for Office Supplies, Black</p><p> -27% 0FF </p><p>$21.99</p><a href="https://www.amazon.com/dp/B0DB8F7GDN?tag=eloabder-20&linkCode=osi&th=1&psc=1">View Product</a></div><div class="product"><a href="https://www.amazon.com/dp/B0FQ86P4M3?tag=eloabder-20&linkCode=osi&th=1&psc=1"><img src="https://m.media-amazon.com/images/I/41ZDdyGnPxL._SL500_.jpg" alt="Product Image"></a><p>Mind Reader 2-Tier Desk Organizer with Clamp, Accessory Shelf for Office or Gaming, Office, Metal, White</p><p> -5% 0FF </p><p>$37.99</p><a href="https://www.amazon.com/dp/B0FQ86P4M3?tag=eloabder-20&linkCode=osi&th=1&psc=1">View Product</a></div><div class="product"><a href="https://www.amazon.com/dp/B0BYDGF8DT?tag=eloabder-20&linkCode=osi&th=1&psc=1"><img src="https://m.media-amazon.com/images/I/51sE2GzgVNL._SL500_.jpg" alt="Product Image"></a><p>OPNICE Desk Organizer and Accessories, 4-Tier Desktop File Organizer with Drawer and 2 Pen Holders, Office Desk Accessories, Workspace Organizers for Office Supplies(Black)</p><p> -33% 0FF </p><p>$19.99</p><a href="https://www.amazon.com/dp/B0BYDGF8DT?tag=eloabder-20&linkCode=osi&th=1&psc=1">View Product</a></div><div class="product"><a href="https://www.amazon.com/dp/B0DJKSMV2T?tag=eloabder-20&linkCode=osi&th=1&psc=1"><img src="https://m.media-amazon.com/images/I/41gO3CCIg1L._SL500_.jpg" alt="Product Image"></a><p>gianotter Dual Monitor Stand Riser, Desk Organizer With Drawer and 2 Pen Holders, Computer Monitor Stand, Shelf for Top of Desk, Black</p><p> -28% 0FF </p><p>$25.99</p><a href="https://www.amazon.com/dp/B0DJKSMV2T?tag=eloabder-20&linkCode=osi&th=1&psc=1">View Product</a></div><div class="product"><a href="https://www.amazon.com/dp/B0BWTT3WK1?tag=eloabder-20&linkCode=osi&th=1&psc=1"><img src="https://m.media-amazon.com/images/I/51JTe2SjicL._SL500_.jpg" alt="Product Image"></a><p>gianotter Desk Organizers and Accessories with File Holder, 4-Tier Desk Accessories & Workspace Organizers with Drawer and 2 Pen Holder, Paper Organizer for Office Supplies (Rose Gold)</p><p> -27% 0FF </p><p>$23.99</p><a href="https://www.amazon.com/dp/B0BWTT3WK1?tag=eloabder-20&linkCode=osi&th=1&psc=1">View Product</a></div><div class="product"><a href="https://www.amazon.com/dp/B09QKDY1YY?tag=eloabder-20&linkCode=osi&th=1&psc=1"><img src="https://m.media-amazon.com/images/I/519UVM73B6L._SL500_.jpg" alt="Product Image"></a><p>Supeasy 5 Trays Paper Organizer Letter Tray with Handle-Mesh Desk File Organizer, Paper Sorter Desk Organizer for Office, Home or School</p><p> -17% 0FF </p><p>$19.99</p><a href="https://www.amazon.com/dp/B09QKDY1YY?tag=eloabder-20&linkCode=osi&th=1&psc=1">View Product</a></div><div class="product"><a href="https://www.amazon.com/dp/B08PBFKGJG?tag=eloabder-20&linkCode=osi&th=1&psc=1"><img src="https://m.media-amazon.com/images/I/61WfW0WLsqL._SL500_.jpg" alt="Product Image"></a><p>Marbrasse 6 Tier Paper Organizer Letter Tray - Mesh Desk File Organizer with Handle, Paper Sorter Organizer for Letter/A4 Office File Folder Holder - Black</p><p> -23% 0FF </p><p>$19.98</p><a href="https://www.amazon.com/dp/B08PBFKGJG?tag=eloabder-20&linkCode=osi&th=1&psc=1">View Product</a></div><div class="product"><a href="https://www.amazon.com/dp/B09K5927B5?tag=eloabder-20&linkCode=osi&th=1&psc=1"><img src="https://m.media-amazon.com/images/I/51u5tZ4jR6L._SL500_.jpg" alt="Product Image"></a><p>Marbrasse Desk Organizer with File Holder, 5-Tier Paper Letter Tray Organizer with Drawer and 2 Pen Holder, Mesh Desktop Organizer and Storage with Magazine Holder for Office Supplies(Black)</p><p> -24% 0FF </p><p>$33.99</p><a href="https://www.amazon.com/dp/B09K5927B5?tag=eloabder-20&linkCode=osi&th=1&psc=1">View Product</a></div>
<div class="product"><a href="https://www.amazon.com/dp/B0CNXF7SVS?tag=eloabder-20&linkCode=osi&th=1&psc=1"><img src="https://m.media-amazon.com/images/I/51a6EswyTZL._SL500_.jpg" alt="Product Image"></a><p>Manalete Drawer Organizers Set of 15, 4 Sizes Clear Plastic Drawer Organizers and Storage Bins for Kitchen, Bathroom, Office, Dresser Desk Drawer Organizer Tray for Jewelry, Makeup, Junk, Gadgets</p><p> -29% 0FF </p><p>$9.99</p><a href="https://www.amazon.com/dp/B0CNXF7SVS?tag=eloabder-20&linkCode=osi&th=1&psc=1">View Product</a></div><div class="product"><a href="https://www.amazon.com/dp/B0CCY5X6SS?tag=eloabder-20&linkCode=osi&th=1&psc=1"><img src="https://m.media-amazon.com/images/I/41Iye-vPXJL._SL500_.jpg" alt="Product Image"></a><p>Bamboo Drawer Organizer Set, 5 PCS Multi-Use Individual Wood Storage Organizers, Junk Drawer Divider and Storage Trays Containers for Kitchen, Bathroom, Office Desk, Makeup, Jewelry, Utensils</p><p> -20% 0FF </p><p>$19.99 ($4.00 / Count)</p><a href="https://www.amazon.com/dp/B0CCY5X6SS?tag=eloabder-20&linkCode=osi&th=1&psc=1">View Product</a></div><div class="product"><a href="https://www.amazon.com/dp/B0CCDJQ7MM?tag=eloabder-20&linkCode=osi&th=1&psc=1"><img src="https://m.media-amazon.com/images/I/51kU0WJxdsL._SL500_.jpg" alt="Product Image"></a><p>Marbrasse Expandable Desk Drawer Organizer, Mesh Drawer Organizer Tray with 10 Adjustable Compartments, Desk Organizers and Accessories, 5 Dividers Drawer for Office Supplies, Makeup & Vanity (Black)</p><p> -15% 0FF </p><p>$17.84</p><a href="https://www.amazon.com/dp/B0CCDJQ7MM?tag=eloabder-20&linkCode=osi&th=1&psc=1">View Product</a></div><div class="product"><a href="https://www.amazon.com/dp/B0DM27MBZN?tag=eloabder-20&linkCode=osi&th=1&psc=1"><img src="https://m.media-amazon.com/images/I/41hAfSMnrZL._SL500_.jpg" alt="Product Image"></a><p>ElegantArray 12 PCS Drawer Organizer Set, 4 Sizes Storage Drawer Units, Clear Plastic Makeup Vanity Organizer and Storage Bins for Makeup, Stationeries, Multiple Gadgets for Bathroom, Office, Bedroom</p><p> -31% 0FF </p><p>$8.99</p><a href="https://www.amazon.com/dp/B0DM27MBZN?tag=eloabder-20&linkCode=osi&th=1&psc=1">View Product</a></div>
<div class="product"><a href="https://www.amazon.com/dp/B0C4T42TPC?tag=eloabder-20&linkCode=osi&th=1&psc=1"><img src="https://m.media-amazon.com/images/I/318IsyAsPXL._SL500_.jpg" alt="Product Image"></a><p>Adjustable Mobile CPU Stand, Ventilated Computer Tower Stand with 4 Caster Wheels Fits Most PC Tower, Under Desk CPU Holder PC Floor Cart Computer Riser for Gamers and Students (Black)</p><p> -21% 0FF </p><p>$14.21</p><a href="https://www.amazon.com/dp/B0C4T42TPC?tag=eloabder-20&linkCode=osi&th=1&psc=1">View Product</a></div><div class="product"><a href="https://www.amazon.com/dp/B094QTGHNZ?tag=eloabder-20&linkCode=osi&th=1&psc=1"><img src="https://m.media-amazon.com/images/I/31VzBQ+jwWL._SL500_.jpg" alt="Product Image"></a><p>WALI Computer Monitor Stand for Desk, Adjustable Laptop Riser, Desk Monitor Stand Underneath Storage for Office, Home, School Supplies (STT003), 1 Pack, Black</p><p> -32% 0FF </p><p>$16.99</p><a href="https://www.amazon.com/dp/B094QTGHNZ?tag=eloabder-20&linkCode=osi&th=1&psc=1">View Product</a></div><div class="product"><a href="https://www.amazon.com/dp/B07H4DMLVH?tag=eloabder-20&linkCode=osi&th=1&psc=1"><img src="https://m.media-amazon.com/images/I/31eTfKhpSWL._SL500_.jpg" alt="Product Image"></a><p>HUANUO Monitor Stand, Monitor Stand Riser 3 Height Adjustable, Monitor Riser with Airflow Vents, Laptop Stand for Desk, Laptop Riser, Desk Organizer for Monitor, 15.6" Laptop, PC, Printer</p><p> -11% 0FF </p><p>$15.19</p><a href="https://www.amazon.com/dp/B07H4DMLVH?tag=eloabder-20&linkCode=osi&th=1&psc=1">View Product</a></div><div class="product"><a href="https://www.amazon.com/dp/B0D69W6H91?tag=eloabder-20&linkCode=osi&th=1&psc=1"><img src="https://m.media-amazon.com/images/I/51rQI+gi3lL._SL500_.jpg" alt="Product Image"></a><p>JANE EYRE Computer Tower Stand - Adjustable PC Tower Stand CPU Holder Cart with Charging Station for Office Home Classroom,23.03"-28.3" H, black</p><p> -10% 0FF </p><p>$53.99</p><a href="https://www.amazon.com/dp/B0D69W6H91?tag=eloabder-20&linkCode=osi&th=1&psc=1">View Product</a></div><div class="product"><a href="https://www.amazon.com/dp/B0C4T34L9Y?tag=eloabder-20&linkCode=osi&th=1&psc=1"><img src="https://m.media-amazon.com/images/I/51BNMGXNOEL._SL500_.jpg" alt="Product Image"></a><p>BONTEC Wooden Monitor Stand Riser, 2-Tier Desk Shelf with Storage Organizer, Ergonomic Computer Stand with Cable Management, Cellphone Holder, White, 16.5 Inch</p><p> -33% 0FF </p><p>$18.04</p><a href="https://www.amazon.com/dp/B0C4T34L9Y?tag=eloabder-20&linkCode=osi&th=1&psc=1">View Product</a></div><div class="product"><a href="https://www.amazon.com/dp/B08BRCT4JH?tag=eloabder-20&linkCode=osi&th=1&psc=1"><img src="https://m.media-amazon.com/images/I/41Ga6A+cXbL._SL500_.jpg" alt="Product Image"></a><p>BESIGN LS03 Aluminum Laptop Stand, Ergonomic Detachable Computer Stand, Notebook Riser Compatible with Air, Pro, Dell, HP, Lenovo More 10-15.6" Laptops, Silver</p><p> -25% 0FF </p><p>$14.98</p><a href="https://www.amazon.com/dp/B08BRCT4JH?tag=eloabder-20&linkCode=osi&th=1&psc=1">View Product</a></div>
<div class="product"><a href="https://www.amazon.com/dp/B07Q79ZZJ6?tag=eloabder-20&linkCode=osi&th=1&psc=1"><img src="https://m.media-amazon.com/images/I/31-LBzENQIL._SL500_.jpg" alt="Product Image"></a><p>Single LCD Computer Monitor Free-Standing Desk Stand Mount Riser for 13 inch to 32 inch screen with Swivel, Height Adjustable, Rotation, Vesa Base Stand Holds One (1) Screen up to 77Lbs(HT05B-001))</p><p> -34% 0FF </p><p>$21.99</p><a href="https://www.amazon.com/dp/B07Q79ZZJ6?tag=eloabder-20&linkCode=osi&th=1&psc=1">View Product</a></div><div class="product"><a href="https://www.amazon.com/dp/B082845XM8?tag=eloabder-20&linkCode=osi&th=1&psc=1"><img src="https://m.media-amazon.com/images/I/41uRH1B7HgL._SL500_.jpg" alt="Product Image"></a><p>Dual Monitor Stand - Vertical Stack Screen Free-Standing Monitor Riser Fits Two 13 to 34 Inch Screen with Swivel, Tilt, Height Adjustable, Holds One (1) Screen Up to 44Lbs</p><p> -5% 0FF </p><p>$31.56</p><a href="https://www.amazon.com/dp/B082845XM8?tag=eloabder-20&linkCode=osi&th=1&psc=1">View Product</a></div><div class="product"><a href="https://www.amazon.com/dp/B00X4SCCFG?tag=eloabder-20&linkCode=osi&th=1&psc=1"><img src="https://m.media-amazon.com/images/I/21X2klzUZGL._SL500_.jpg" alt="Product Image"></a><p>Amazon Basics Height Adjustable Rectangular Computer Monitor Riser Desk Stand with Storage for Reduced Neck Strain - Fits Monitors, Laptops Up to 22lbs, Black</p><p> -35% 0FF </p><p>$14.06</p><a href="https://www.amazon.com/dp/B00X4SCCFG?tag=eloabder-20&linkCode=osi&th=1&psc=1">View Product</a></div>
<div class="product"><a href="https://www.amazon.com/dp/B07HFDJCSL?tag=eloabder-20&linkCode=osi&th=1&psc=1"><img src="https://m.media-amazon.com/images/I/41DR7qY1naL._SL500_.jpg" alt="Product Image"></a><p>VIVO Large Keyboard Tray Under Desk Pull Out with Extra Sturdy C Clamp Mount System, 27 (33 Including Clamps) x 11 Inch Slide-Out Platform Computer Drawer for Typing, Black, MOUNT-KB05E</p><p> -17% 0FF </p><p>$49.99</p><a href="https://www.amazon.com/dp/B07HFDJCSL?tag=eloabder-20&linkCode=osi&th=1&psc=1">View Product</a></div><div class="product"><a href="https://www.amazon.com/dp/B082NKBM62?tag=eloabder-20&linkCode=osi&th=1&psc=1"><img src="https://m.media-amazon.com/images/I/41qQ3p9-mrL._SL500_.jpg" alt="Product Image"></a><p>HUANUO Keyboard Tray Under Desk, 360 Adjustable Ergonomic Sliding Keyboard & Mouse Tray, Under Desk Keyboard Tray Slide Out, Keyboard Holder Under Desk for Typing in Home, Office Work, 25"W x 9.84"D</p><p> -33% 0FF </p><p>$59.98</p><a href="https://www.amazon.com/dp/B082NKBM62?tag=eloabder-20&linkCode=osi&th=1&psc=1">View Product</a></div><div class="product"><a href="https://www.amazon.com/dp/B0F23GTKHL?tag=eloabder-20&linkCode=osi&th=1&psc=1"><img src="https://m.media-amazon.com/images/I/41dmHoeznDL._SL500_.jpg" alt="Product Image"></a><p>Zontera Ergonomic Mouse & Keyboard Tray Under Desk, Pull Out with Adjustable C-clamp, 20 (25.9 Including Clamps) x 11.8 Inch Slide Out Computer Keyboard Drawer Mouse Tray for Typing, Black</p><p> -7% 0FF </p><p>$25.99</p><a href="https://www.amazon.com/dp/B0F23GTKHL?tag=eloabder-20&linkCode=osi&th=1&psc=1">View Product</a></div><div class="product"><a href="https://www.amazon.com/dp/B01IIGMBVI?tag=eloabder-20&linkCode=osi&th=1&psc=1"><img src="https://m.media-amazon.com/images/I/21Vw8003F0L._SL500_.jpg" alt="Product Image"></a><p>Alera ALE Valencia Series Underdesk Keyboard/Mouse Shelf, 28w x 12d, Black</p><p> -50% 0FF </p><p>$29.22</p><a href="https://www.amazon.com/dp/B01IIGMBVI?tag=eloabder-20&linkCode=osi&th=1&psc=1">View Product</a></div>
<div class="product"><a href="https://www.amazon.com/dp/B07C3XZMC6?tag=eloabder-20&linkCode=osi&th=1&psc=1"><img src="https://m.media-amazon.com/images/I/31Eojf7glwL._SL500_.jpg" alt="Product Image"></a><p>JIKIOU 3 Pack Mouse Pad with Stitched Edge, Comfortable Mouse Pads with Non-Slip Rubber Base, Washable Mousepads Bulk with Comfortable Cloth, Mouse Pads for Computers Laptop Mouse 10.2x8.3inch Black</p><p> -29% 0FF </p><p>$7.99</p><a href="https://www.amazon.com/dp/B07C3XZMC6?tag=eloabder-20&linkCode=osi&th=1&psc=1">View Product</a></div><div class="product"><a href="https://www.amazon.com/dp/B085XRMSTT?tag=eloabder-20&linkCode=osi&th=1&psc=1"><img src="https://m.media-amazon.com/images/I/31aDSI0sFoL._SL500_.jpg" alt="Product Image"></a><p>EooCoo Ergonomic Mouse Pad with Wrist Support, Mousepad with Memory Foam Wrist Rest and Non-Slip Base for Computer, Cafe, Home & Office, 9.64 x 8.26 in Office Desk Accessories</p><p> -36% 0FF </p><p>$6.99</p><a href="https://www.amazon.com/dp/B085XRMSTT?tag=eloabder-20&linkCode=osi&th=1&psc=1">View Product</a></div>
<div class="product"><a href="https://www.amazon.com/dp/B0BRCJL4MM?tag=eloabder-20&linkCode=osi&th=1&psc=1"><img src="https://m.media-amazon.com/images/I/41sggzaNbPL._SL500_.jpg" alt="Product Image"></a><p>Led Desk Lamp for Office Home - Eye Caring Architect lamp with Clamp,Dual Screen Computer Monitor Gooseneck Smart Light: 24W 5 Color Flexible Adjustable Lighting Table Lamp for Study Drafting</p><p> -13% 0FF </p><p>$69.99</p><a href="https://www.amazon.com/dp/B0BRCJL4MM?tag=eloabder-20&linkCode=osi&th=1&psc=1">View Product</a></div><div class="product"><a href="https://www.amazon.com/dp/B0BNHNG5CY?tag=eloabder-20&linkCode=osi&th=1&psc=1"><img src="https://m.media-amazon.com/images/I/51ccmdZe2YL._SL500_.jpg" alt="Product Image"></a><p>Micomlan Led Desk Lamp with Clamp, Architect Desk Lamp for Home Office with Atmosphere Lighting, 24W Ultra Bright Auto Dimming Computer Light Stepless Dimming and Tempering LED Table Light</p><p> -27% 0FF </p><p>$49.99</p><a href="https://www.amazon.com/dp/B0BNHNG5CY?tag=eloabder-20&linkCode=osi&th=1&psc=1">View Product</a></div><div class="product"><a href="https://www.amazon.com/dp/B078W61H9P?tag=eloabder-20&linkCode=osi&th=1&psc=1"><img src="https://m.media-amazon.com/images/I/31aebwb3nqL._SL500_.jpg" alt="Product Image"></a><p>LEPOWER Metal Desk Lamp, Eye-Caring Table Lamp, Study Lamps with Flexible Goose Neck for Bedroom, Home Office (Matte Black)</p><p> -24% 0FF </p><p>$24.99</p><a href="https://www.amazon.com/dp/B078W61H9P?tag=eloabder-20&linkCode=osi&th=1&psc=1">View Product</a></div><div class="product"><a href="https://www.amazon.com/dp/B0D1DLY4H4?tag=eloabder-20&linkCode=osi&th=1&psc=1"><img src="https://m.media-amazon.com/images/I/41sKiuSIwRL._SL500_.jpg" alt="Product Image"></a><p>SKYLEO Led Desk Lamp - Desk Light for 31.5" Tall - 5 Color Modes X 11 Brightness Levels - Adjustable Swing Arm - Timmer & Memory Function - 12W Lamp for Desk - Black</p><p> -23% 0FF </p><p>$19.99</p><a href="https://www.amazon.com/dp/B0D1DLY4H4?tag=eloabder-20&linkCode=osi&th=1&psc=1">View Product</a></div><div class="product"><a href="https://www.amazon.com/dp/B0D2LGK82V?tag=eloabder-20&linkCode=osi&th=1&psc=1"><img src="https://m.media-amazon.com/images/I/41UpQ-qygDL._SL500_.jpg" alt="Product Image"></a><p>Addtam LED Desk Lamp, Power Strip with 3 Outlets 4 USB Charging Ports(2 USBC), 4 Modes 5 Level Brightness Touch Lamp, Small Desk Lamp for Home Office College Dorm Room Essentials</p><p> -23% 0FF </p><p>$16.99</p><a href="https://www.amazon.com/dp/B0D2LGK82V?tag=eloabder-20&linkCode=osi&th=1&psc=1">View Product</a></div><div class="product"><a href="https://www.amazon.com/dp/B08LMTQ7ZF?tag=eloabder-20&linkCode=osi&th=1&psc=1"><img src="https://m.media-amazon.com/images/I/21vKPX2KHML._SL500_.jpg" alt="Product Image"></a><p>Lepro LED Desk Lamp for Home Office, 9.5W 750LM Metal Touch Control Desk Light, 5 Color Modes 5 Brightness Level, Eye Caring Task Lamp For Reading, Sewing, Crafts, School Supplies, Puzzle Light, Black</p><p> -13% 0FF </p><p>$24.99</p><a href="https://www.amazon.com/dp/B08LMTQ7ZF?tag=eloabder-20&linkCode=osi&th=1&psc=1">View Product</a></div>
<div class="product"><a href="https://www.amazon.com/dp/B0D7BXNDP4?tag=eloabder-20&linkCode=osi&th=1&psc=1"><img src="https://m.media-amazon.com/images/I/41DuEunZ1+L._SL500_.jpg" alt="Product Image"></a><p>Monitor Fan with Clamp & Light Bar Desk Lamp with fan for Office mini Desk fan small quiet with lamp for PC Laptops Tablet for Home Office Portable Working Reading Stand Lamp</p><p> -5% 0FF </p><p>$15.19</p><a href="https://www.amazon.com/dp/B0D7BXNDP4?tag=eloabder-20&linkCode=osi&th=1&psc=1">View Product</a></div><div class="product"><a href="https://www.amazon.com/dp/B07K1D41DC?tag=eloabder-20&linkCode=osi&th=1&psc=1"><img src="https://m.media-amazon.com/images/I/310MAouNV-L._SL500_.jpg" alt="Product Image"></a><p>OttLite Cool Breeze LED Lamp with Bladeless Fan - 3 Speed Options & 5 Brightness Settings with Energy Efficient Natural Daylight LEDs - Desktop, Table or Nightstand Lamp for Studying or Reading</p><p> -14% 0FF </p><p>$89.98</p><a href="https://www.amazon.com/dp/B07K1D41DC?tag=eloabder-20&linkCode=osi&th=1&psc=1">View Product</a></div>
<div class="product"><a href="https://www.amazon.com/dp/B0CXSXL1F2?tag=eloabder-20&linkCode=osi&th=1&psc=1"><img src="https://m.media-amazon.com/images/I/41H6cndt7iL._SL500_.jpg" alt="Product Image"></a><p>9 Pack Lined Sticky Notes 4x6 in Post Sticky Notes with Lines, 9 Bright Colors Self Sticky Notes Pad Its, Large Ruled Sticky Note for Office, Home, 35 Sheets/Pad</p><p> -33% 0FF </p><p>$7.99</p><a href="https://www.amazon.com/dp/B0CXSXL1F2?tag=eloabder-20&linkCode=osi&th=1&psc=1">View Product</a></div><div class="product"><a href="https://www.amazon.com/dp/B019QROV9S?tag=eloabder-20&linkCode=osi&th=1&psc=1"><img src="https://m.media-amazon.com/images/I/51OsStyntzL._SL500_.jpg" alt="Product Image"></a><p>Sharpie Clear View Highlighter Sticks, Chisel Tip, Assorted Fluorescent, 8 Count - School, Home, and Office Use, Teacher Supplies</p><p> -23% 0FF </p><p>$13.86</p><a href="https://www.amazon.com/dp/B019QROV9S?tag=eloabder-20&linkCode=osi&th=1&psc=1">View Product</a></div>
<div class="product"><a href="https://www.amazon.com/dp/B082PN4X5J?tag=eloabder-20&linkCode=osi&th=1&psc=1"><img src="https://m.media-amazon.com/images/I/51o+eA8g6nL._SL500_.jpg" alt="Product Image"></a><p>Sharpie S-Gel Gel Pens, Black Barrel, Medium Point (0.7mm), Black Gel Ink Pens, 12 Count - Home, Office, School, Journaling, Writing, Note-Taking, Teacher Supplies</p><p> -14% 0FF </p><p>$11.97</p><a href="https://www.amazon.com/dp/B082PN4X5J?tag=eloabder-20&linkCode=osi&th=1&psc=1">View Product</a></div><div class="product"><a href="https://www.amazon.com/dp/B0C9W8DD9S?tag=eloabder-20&linkCode=osi&th=1&psc=1"><img src="https://m.media-amazon.com/images/I/41mdSvEwNZL._SL500_.jpg" alt="Product Image"></a><p>Ddaowanx Gel Pens, 6 Pcs 0.5mm Quick Dry Black Ink Pens Fine Point Smooth Writing Pens, Cute Office School Supplies Gifts for Women</p><p> -10% 0FF </p><p>$8.99</p><a href="https://www.amazon.com/dp/B0C9W8DD9S?tag=eloabder-20&linkCode=osi&th=1&psc=1">View Product</a></div><div class="product"><a href="https://www.amazon.com/dp/B019QBOG3U?tag=eloabder-20&linkCode=osi&th=1&psc=1"><img src="https://m.media-amazon.com/images/I/416PjSebDoL._SL500_.jpg" alt="Product Image"></a><p>Paper Mate Colorful Gel Pens - InkJoy Gel Pens Assorted Medium Point (0.7). Perfect for Vibrant Colored Writing and Sketching with Paper Mate InkJoy 14 Count</p><p> -18% 0FF </p><p>$10.31</p><a href="https://www.amazon.com/dp/B019QBOG3U?tag=eloabder-20&linkCode=osi&th=1&psc=1">View Product</a></div><div class="product"><a href="https://www.amazon.com/dp/B0C73JDN4S?tag=eloabder-20&linkCode=osi&th=1&psc=1"><img src="https://m.media-amazon.com/images/I/51DJUUxL7HL._SL500_.jpg" alt="Product Image"></a><p>Linbsunne Ballpoint Pens Black Medium Point 1mm Pen with Super Soft Grip Ball Point Pen for Men Women Retractable Pens (gold-12 pcs)</p><p> -10% 0FF </p><p>$8.99</p><a href="https://www.amazon.com/dp/B0C73JDN4S?tag=eloabder-20&linkCode=osi&th=1&psc=1">View Product</a></div><div class="product"><a href="https://www.amazon.com/dp/B001OTA66O?tag=eloabder-20&linkCode=osi&th=1&psc=1"><img src="https://m.media-amazon.com/images/I/41yS5tBZQLL._SL500_.jpg" alt="Product Image"></a><p>BIC Glide Black Retractable Ballpoint Pens, Medium Point (1.0mm), 4-Count Pack, Ultra Smooth Writing Black Pens</p><p> -40% 0FF </p><p>$2.99</p><a href="https://www.amazon.com/dp/B001OTA66O?tag=eloabder-20&linkCode=osi&th=1&psc=1">View Product</a></div>
<div class="product"><a href="https://www.amazon.com/dp/B002HVXXCW?tag=eloabder-20&linkCode=osi&th=1&psc=1"><img src="https://m.media-amazon.com/images/I/41JeEedXCeL._SL500_.jpg" alt="Product Image"></a><p>Ticonderoga Wood-Cased Pencils, Pre-Sharpened, 2 HB Soft, Yellow, 10 Count</p><p> -58% 0FF </p><p>$2.49</p><a href="https://www.amazon.com/dp/B002HVXXCW?tag=eloabder-20&linkCode=osi&th=1&psc=1">View Product</a></div><div class="product"><a href="https://www.amazon.com/dp/B077Q4B6YN?tag=eloabder-20&linkCode=osi&th=1&psc=1"><img src="https://m.media-amazon.com/images/I/4160YcHGDNL._SL500_.jpg" alt="Product Image"></a><p>Paper Mate 2017483 Mechanical Pencils for Handwriting, Triangular, 5/PK, AST</p><p> -45% 0FF </p><p>$3.47</p><a href="https://www.amazon.com/dp/B077Q4B6YN?tag=eloabder-20&linkCode=osi&th=1&psc=1">View Product</a></div>
<div class="product"><a href="https://www.amazon.com/dp/B0D7YTZNRF?tag=eloabder-20&linkCode=osi&th=1&psc=1"><img src="https://m.media-amazon.com/images/I/41hSbSlNAmL._SL500_.jpg" alt="Product Image"></a><p>YASNAY Alcohol Markers, 48 Colors Dual Tip Art Marker, Drawing Markers, Coloring Marker for Kids Sketching Adult Coloring</p><p> -27% 0FF </p><p>$10.99</p><a href="https://www.amazon.com/dp/B0D7YTZNRF?tag=eloabder-20&linkCode=osi&th=1&psc=1">View Product</a></div><div class="product"><a href="https://www.amazon.com/dp/B07CJ8QXF8?tag=eloabder-20&linkCode=osi&th=1&psc=1"><img src="https://m.media-amazon.com/images/I/51bChi4-H4L._SL500_.jpg" alt="Product Image"></a><p>Dual Markers Brush Pens, 36 Fine Point Art Marker, Double Tip Colored Pen for Adult Coloring Hand Lettering, School Classroom Art Suppliers</p><p> -20% 0FF </p><p>$7.98</p><a href="https://www.amazon.com/dp/B07CJ8QXF8?tag=eloabder-20&linkCode=osi&th=1&psc=1">View Product</a></div><div class="product"><a href="https://www.amazon.com/dp/B071CP6X88?tag=eloabder-20&linkCode=osi&th=1&psc=1"><img src="https://m.media-amazon.com/images/I/41sNeEYkTNL._SL500_.jpg" alt="Product Image"></a><p>Crayola Super Tips Marker Set for Kids (100ct), Broad Tip & Fine Point Washable Art Markers for Kids, Bulk School Supplies, Teacher Classroom Must Haves, Drawing Supplies</p><p> -19% 0FF </p><p>$16.29</p><a href="https://www.amazon.com/dp/B071CP6X88?tag=eloabder-20&linkCode=osi&th=1&psc=1">View Product</a></div><div class="product"><a href="https://www.amazon.com/dp/B08MBFPFCQ?tag=eloabder-20&linkCode=osi&th=1&psc=1"><img src="https://m.media-amazon.com/images/I/51DaGL7Z4oL._SL500_.jpg" alt="Product Image"></a><p>Sharpie Permanent Markers Variety Pack, Includes Chisel, Fine, and Ultra-Fine Tips, Marker Set, Writing, Coloring, Poster, Office, School Supplies, Black, 6 Count</p><p> -19% 0FF </p><p>$4.63 ($0.77 / Count)</p><a href="https://www.amazon.com/dp/B08MBFPFCQ?tag=eloabder-20&linkCode=osi&th=1&psc=1">View Product</a></div>
<div class="product"><a href="https://www.amazon.com/dp/B09Y2KJ2KX?tag=eloabder-20&linkCode=osi&th=1&psc=1"><img src="https://m.media-amazon.com/images/I/41EhQr7suML._SL500_.jpg" alt="Product Image"></a><p>Sharpie Pocket Highlighters, Mild Pastel Colors, Assorted, Chisel Tip, 12 Count - School, Home, and Office Use, Teacher Supplies</p><p> -22% 0FF </p><p>$7.76 ($0.65 / Count)</p><a href="https://www.amazon.com/dp/B09Y2KJ2KX?tag=eloabder-20&linkCode=osi&th=1&psc=1">View Product</a></div><div class="product"><a href="https://www.amazon.com/dp/B08698MJWT?tag=eloabder-20&linkCode=osi&th=1&psc=1"><img src="https://m.media-amazon.com/images/I/512N7aYt5oL._SL500_.jpg" alt="Product Image"></a><p>Sharpie S-Note Creative Markers, Pastel Highlighters, Art Marker Set, Assorted Colors, Chisel Tip, 24 Count - School, Home, and Office Use, Teacher Supplies</p><p> -60% 0FF </p><p>$8.83</p><a href="https://www.amazon.com/dp/B08698MJWT?tag=eloabder-20&linkCode=osi&th=1&psc=1">View Product</a></div>

<div class="product"><a href="https://www.amazon.com/dp/B0033J6V3A?tag=eloabder-20&linkCode=osi&th=1&psc=1"><img src="https://m.media-amazon.com/images/I/21o5ASbichL._SL500_.jpg" alt="Product Image"></a><p>NuSparc 2 Drawer Locking Filing Cabinet | Pre-Assembled Steel Construction | Space-Saving Design is Perfect for Home and Small Office | Letter-Size | Assembled in North America</p><p> -14% 0FF </p><p>$76.99</p><a href="https://www.amazon.com/dp/B0033J6V3A?tag=eloabder-20&linkCode=osi&th=1&psc=1">View Product</a></div><div class="product"><a href="https://www.amazon.com/dp/B0D9XYD75W?tag=eloabder-20&linkCode=osi&th=1&psc=1"><img src="https://m.media-amazon.com/images/I/31VM3xK++PL._SL500_.jpg" alt="Product Image"></a><p>BYNSOE 2 Drawer File Cabinet with Lock Vertical Filing Storage Cabinet Office Home Steel Vertical File Cabinets for Letter Size File Cabinet Locked,Assembly Required</p><p> -8% 0FF </p><p>$54.99</p><a href="https://www.amazon.com/dp/B0D9XYD75W?tag=eloabder-20&linkCode=osi&th=1&psc=1">View Product</a></div><div class="product"><a href="https://www.amazon.com/dp/B0989HLF81?tag=eloabder-20&linkCode=osi&th=1&psc=1"><img src="https://m.media-amazon.com/images/I/51vzgnkbcjL._SL500_.jpg" alt="Product Image"></a><p>DEVAISE 3 Drawer Mobile File Cabinet, Wood Lateral Filing Cabinet, Printer Stand with Open Shelves for Home Office, Rustic Brown</p><p> -21% 0FF </p><p>$74.99</p><a href="https://www.amazon.com/dp/B0989HLF81?tag=eloabder-20&linkCode=osi&th=1&psc=1">View Product</a></div>
<div class="product"><a href="https://www.amazon.com/dp/B00006RSQD?tag=eloabder-20&linkCode=osi&th=1&psc=1"><img src="https://m.media-amazon.com/images/I/315rez3KpeL._SL500_.jpg" alt="Product Image"></a><p>Bush Business Furniture Series C 36W Tall 5 Shelf Bookcase in Hansen Cherry, Large Storage and Display Bookshelf for Home or Professional Office</p><p> -8% 0FF </p><p>$239.49</p><a href="https://www.amazon.com/dp/B00006RSQD?tag=eloabder-20&linkCode=osi&th=1&psc=1">View Product</a></div>
<div class="product"><a href="https://www.amazon.com/dp/B09F6JPYSY?tag=eloabder-20&linkCode=osi&th=1&psc=1"><img src="https://m.media-amazon.com/images/I/51fGLH7lhHL._SL500_.jpg" alt="Product Image"></a><p>SPACELEAD Slim Storage Cart 3 Tier,Bathroom Organizer Rolling Utility,Mobile Shelving Unit Slide Out for Office, Kitchen, Laundry Room & Narrow Places,Black</p><p> -30% 0FF </p><p>$20.99</p><a href="https://www.amazon.com/dp/B09F6JPYSY?tag=eloabder-20&linkCode=osi&th=1&psc=1">View Product</a></div><div class="product"><a href="https://www.amazon.com/dp/B08KFTVGQY?tag=eloabder-20&linkCode=osi&th=1&psc=1"><img src="https://m.media-amazon.com/images/I/51BjUEmGaiL._SL500_.jpg" alt="Product Image"></a><p>SONGMICS Cube Storage Organizer, Set of 16 Plastic Cubes, Closet Organizers and Storage, Room Organization, Bedroom Living Room, 12.2 x 48.4 x 48.4 Inches, Rustic Brown ULPC442A01</p><p> -15% 0FF </p><p>$46.99</p><a href="https://www.amazon.com/dp/B08KFTVGQY?tag=eloabder-20&linkCode=osi&th=1&psc=1">View Product</a></div><div class="product"><a href="https://www.amazon.com/dp/B0DG359YX5?tag=eloabder-20&linkCode=osi&th=1&psc=1"><img src="https://m.media-amazon.com/images/I/41OBXL4HJdL._SL500_.jpg" alt="Product Image"></a><p>VIVO Clamp-on 13 inch Above or Below Desk 2-Tier Shelving Unit for Table Accessories, Gaming Devices, and More, Storage Tray, Desktop Organizer, Rustic Vintage Brown, STAND-SHELF2C-N</p><p> -20% 0FF </p><p>$39.99</p><a href="https://www.amazon.com/dp/B0DG359YX5?tag=eloabder-20&linkCode=osi&th=1&psc=1">View Product</a></div><div class="product"><a href="https://www.amazon.com/dp/B0D7S5GGP6?tag=eloabder-20&linkCode=osi&th=1&psc=1"><img src="https://m.media-amazon.com/images/I/51EriWG2BLL._SL500_.jpg" alt="Product Image"></a><p>C&AHOME Wire Cube Storage, 9 - Cube Organizer Metal C Grids, Modular Shelves Units, Closet Organizer, Ideal for Home, Office, Living Room, 36.6”L x 12.4”W x 48.4”H, Silver Gray UWCS3009G</p><p> -33% 0FF </p><p>$28.87</p><a href="https://www.amazon.com/dp/B0D7S5GGP6?tag=eloabder-20&linkCode=osi&th=1&psc=1">View Product</a></div>
<div class="product"><a href="https://www.amazon.com/dp/B0B1M6ML2J?tag=eloabder-20&linkCode=osi&th=1&psc=1"><img src="https://m.media-amazon.com/images/I/51pX2Qo38JL._SL500_.jpg" alt="Product Image"></a><p>WOWBOX 25 PCS Clear Plastic Drawer Organizer Set, 4 Sizes Desk Drawer Divider Organizers and Storage Bins for Makeup, Jewelry, Gadgets for Kitchen, Bedroom, Bathroom, Office</p><p> -35% 0FF </p><p>$16.13 ($0.65 / Count)</p><a href="https://www.amazon.com/dp/B0B1M6ML2J?tag=eloabder-20&linkCode=osi&th=1&psc=1">View Product</a></div><div class="product"><a href="https://www.amazon.com/dp/B0DB8F7GDN?tag=eloabder-20&linkCode=osi&th=1&psc=1"><img src="https://m.media-amazon.com/images/I/51iOtKHzvCL._SL500_.jpg" alt="Product Image"></a><p>OPNICE Desk Organizer and Accessories, 2-Tier Computer Monitor Stand Riser with Drawer and 2 Pen Holders, Laptop Stand, Office Desk Accessories for Office Supplies, Black</p><p> -27% 0FF </p><p>$21.99</p><a href="https://www.amazon.com/dp/B0DB8F7GDN?tag=eloabder-20&linkCode=osi&th=1&psc=1">View Product</a></div><div class="product"><a href="https://www.amazon.com/dp/B0FQ86P4M3?tag=eloabder-20&linkCode=osi&th=1&psc=1"><img src="https://m.media-amazon.com/images/I/41ZDdyGnPxL._SL500_.jpg" alt="Product Image"></a><p>Mind Reader 2-Tier Desk Organizer with Clamp, Accessory Shelf for Office or Gaming, Office, Metal, White</p><p> -5% 0FF </p><p>$37.99</p><a href="https://www.amazon.com/dp/B0FQ86P4M3?tag=eloabder-20&linkCode=osi&th=1&psc=1">View Product</a></div><div class="product"><a href="https://www.amazon.com/dp/B0BYDGF8DT?tag=eloabder-20&linkCode=osi&th=1&psc=1"><img src="https://m.media-amazon.com/images/I/51sE2GzgVNL._SL500_.jpg" alt="Product Image"></a><p>OPNICE Desk Organizer and Accessories, 4-Tier Desktop File Organizer with Drawer and 2 Pen Holders, Office Desk Accessories, Workspace Organizers for Office Supplies(Black)</p><p> -33% 0FF </p><p>$19.99</p><a href="https://www.amazon.com/dp/B0BYDGF8DT?tag=eloabder-20&linkCode=osi&th=1&psc=1">View Product</a></div><div class="product"><a href="https://www.amazon.com/dp/B0DJKSMV2T?tag=eloabder-20&linkCode=osi&th=1&psc=1"><img src="https://m.media-amazon.com/images/I/41gO3CCIg1L._SL500_.jpg" alt="Product Image"></a><p>gianotter Dual Monitor Stand Riser, Desk Organizer With Drawer and 2 Pen Holders, Computer Monitor Stand, Shelf for Top of Desk, Black</p><p> -28% 0FF </p><p>$25.99</p><a href="https://www.amazon.com/dp/B0DJKSMV2T?tag=eloabder-20&linkCode=osi&th=1&psc=1">View Product</a></div><div class="product"><a href="https://www.amazon.com/dp/B0BWTT3WK1?tag=eloabder-20&linkCode=osi&th=1&psc=1"><img src="https://m.media-amazon.com/images/I/51JTe2SjicL._SL500_.jpg" alt="Product Image"></a><p>gianotter Desk Organizers and Accessories with File Holder, 4-Tier Desk Accessories & Workspace Organizers with Drawer and 2 Pen Holder, Paper Organizer for Office Supplies (Rose Gold)</p><p> -27% 0FF </p><p>$23.99</p><a href="https://www.amazon.com/dp/B0BWTT3WK1?tag=eloabder-20&linkCode=osi&th=1&psc=1">View Product</a></div><div class="product"><a href="https://www.amazon.com/dp/B09QKDY1YY?tag=eloabder-20&linkCode=osi&th=1&psc=1"><img src="https://m.media-amazon.com/images/I/519UVM73B6L._SL500_.jpg" alt="Product Image"></a><p>Supeasy 5 Trays Paper Organizer Letter Tray with Handle-Mesh Desk File Organizer, Paper Sorter Desk Organizer for Office, Home or School</p><p> -17% 0FF </p><p>$19.99</p><a href="https://www.amazon.com/dp/B09QKDY1YY?tag=eloabder-20&linkCode=osi&th=1&psc=1">View Product</a></div><div class="product"><a href="https://www.amazon.com/dp/B08PBFKGJG?tag=eloabder-20&linkCode=osi&th=1&psc=1"><img src="https://m.media-amazon.com/images/I/61WfW0WLsqL._SL500_.jpg" alt="Product Image"></a><p>Marbrasse 6 Tier Paper Organizer Letter Tray - Mesh Desk File Organizer with Handle, Paper Sorter Organizer for Letter/A4 Office File Folder Holder - Black</p><p> -23% 0FF </p><p>$19.98</p><a href="https://www.amazon.com/dp/B08PBFKGJG?tag=eloabder-20&linkCode=osi&th=1&psc=1">View Product</a></div><div class="product"><a href="https://www.amazon.com/dp/B09K5927B5?tag=eloabder-20&linkCode=osi&th=1&psc=1"><img src="https://m.media-amazon.com/images/I/51u5tZ4jR6L._SL500_.jpg" alt="Product Image"></a><p>Marbrasse Desk Organizer with File Holder, 5-Tier Paper Letter Tray Organizer with Drawer and 2 Pen Holder, Mesh Desktop Organizer and Storage with Magazine Holder for Office Supplies(Black)</p><p> -24% 0FF </p><p>$33.99</p><a href="https://www.amazon.com/dp/B09K5927B5?tag=eloabder-20&linkCode=osi&th=1&psc=1">View Product</a></div>
<div class="product"><a href="https://www.amazon.com/dp/B0CNXF7SVS?tag=eloabder-20&linkCode=osi&th=1&psc=1"><img src="https://m.media-amazon.com/images/I/51a6EswyTZL._SL500_.jpg" alt="Product Image"></a><p>Manalete Drawer Organizers Set of 15, 4 Sizes Clear Plastic Drawer Organizers and Storage Bins for Kitchen, Bathroom, Office, Dresser Desk Drawer Organizer Tray for Jewelry, Makeup, Junk, Gadgets</p><p> -29% 0FF </p><p>$9.99</p><a href="https://www.amazon.com/dp/B0CNXF7SVS?tag=eloabder-20&linkCode=osi&th=1&psc=1">View Product</a></div><div class="product"><a href="https://www.amazon.com/dp/B0CCY5X6SS?tag=eloabder-20&linkCode=osi&th=1&psc=1"><img src="https://m.media-amazon.com/images/I/41Iye-vPXJL._SL500_.jpg" alt="Product Image"></a><p>Bamboo Drawer Organizer Set, 5 PCS Multi-Use Individual Wood Storage Organizers, Junk Drawer Divider and Storage Trays Containers for Kitchen, Bathroom, Office Desk, Makeup, Jewelry, Utensils</p><p> -20% 0FF </p><p>$19.99 ($4.00 / Count)</p><a href="https://www.amazon.com/dp/B0CCY5X6SS?tag=eloabder-20&linkCode=osi&th=1&psc=1">View Product</a></div><div class="product"><a href="https://www.amazon.com/dp/B0CCDJQ7MM?tag=eloabder-20&linkCode=osi&th=1&psc=1"><img src="https://m.media-amazon.com/images/I/51kU0WJxdsL._SL500_.jpg" alt="Product Image"></a><p>Marbrasse Expandable Desk Drawer Organizer, Mesh Drawer Organizer Tray with 10 Adjustable Compartments, Desk Organizers and Accessories, 5 Dividers Drawer for Office Supplies, Makeup & Vanity (Black)</p><p> -15% 0FF </p><p>$17.84</p><a href="https://www.amazon.com/dp/B0CCDJQ7MM?tag=eloabder-20&linkCode=osi&th=1&psc=1">View Product</a></div><div class="product"><a href="https://www.amazon.com/dp/B0DM27MBZN?tag=eloabder-20&linkCode=osi&th=1&psc=1"><img src="https://m.media-amazon.com/images/I/41hAfSMnrZL._SL500_.jpg" alt="Product Image"></a><p>ElegantArray 12 PCS Drawer Organizer Set, 4 Sizes Storage Drawer Units, Clear Plastic Makeup Vanity Organizer and Storage Bins for Makeup, Stationeries, Multiple Gadgets for Bathroom, Office, Bedroom</p><p> -31% 0FF </p><p>$8.99</p><a href="https://www.amazon.com/dp/B0DM27MBZN?tag=eloabder-20&linkCode=osi&th=1&psc=1">View Product</a></div>
<div class="product"><a href="https://www.amazon.com/dp/B0C4T42TPC?tag=eloabder-20&linkCode=osi&th=1&psc=1"><img src="https://m.media-amazon.com/images/I/318IsyAsPXL._SL500_.jpg" alt="Product Image"></a><p>Adjustable Mobile CPU Stand, Ventilated Computer Tower Stand with 4 Caster Wheels Fits Most PC Tower, Under Desk CPU Holder PC Floor Cart Computer Riser for Gamers and Students (Black)</p><p> -21% 0FF </p><p>$14.21</p><a href="https://www.amazon.com/dp/B0C4T42TPC?tag=eloabder-20&linkCode=osi&th=1&psc=1">View Product</a></div><div class="product"><a href="https://www.amazon.com/dp/B094QTGHNZ?tag=eloabder-20&linkCode=osi&th=1&psc=1"><img src="https://m.media-amazon.com/images/I/31VzBQ+jwWL._SL500_.jpg" alt="Product Image"></a><p>WALI Computer Monitor Stand for Desk, Adjustable Laptop Riser, Desk Monitor Stand Underneath Storage for Office, Home, School Supplies (STT003), 1 Pack, Black</p><p> -32% 0FF </p><p>$16.99</p><a href="https://www.amazon.com/dp/B094QTGHNZ?tag=eloabder-20&linkCode=osi&th=1&psc=1">View Product</a></div><div class="product"><a href="https://www.amazon.com/dp/B07H4DMLVH?tag=eloabder-20&linkCode=osi&th=1&psc=1"><img src="https://m.media-amazon.com/images/I/31eTfKhpSWL._SL500_.jpg" alt="Product Image"></a><p>HUANUO Monitor Stand, Monitor Stand Riser 3 Height Adjustable, Monitor Riser with Airflow Vents, Laptop Stand for Desk, Laptop Riser, Desk Organizer for Monitor, 15.6" Laptop, PC, Printer</p><p> -11% 0FF </p><p>$15.19</p><a href="https://www.amazon.com/dp/B07H4DMLVH?tag=eloabder-20&linkCode=osi&th=1&psc=1">View Product</a></div><div class="product"><a href="https://www.amazon.com/dp/B0D69W6H91?tag=eloabder-20&linkCode=osi&th=1&psc=1"><img src="https://m.media-amazon.com/images/I/51rQI+gi3lL._SL500_.jpg" alt="Product Image"></a><p>JANE EYRE Computer Tower Stand - Adjustable PC Tower Stand CPU Holder Cart with Charging Station for Office Home Classroom,23.03"-28.3" H, black</p><p> -10% 0FF </p><p>$53.99</p><a href="https://www.amazon.com/dp/B0D69W6H91?tag=eloabder-20&linkCode=osi&th=1&psc=1">View Product</a></div><div class="product"><a href="https://www.amazon.com/dp/B0C4T34L9Y?tag=eloabder-20&linkCode=osi&th=1&psc=1"><img src="https://m.media-amazon.com/images/I/51BNMGXNOEL._SL500_.jpg" alt="Product Image"></a><p>BONTEC Wooden Monitor Stand Riser, 2-Tier Desk Shelf with Storage Organizer, Ergonomic Computer Stand with Cable Management, Cellphone Holder, White, 16.5 Inch</p><p> -33% 0FF </p><p>$18.04</p><a href="https://www.amazon.com/dp/B0C4T34L9Y?tag=eloabder-20&linkCode=osi&th=1&psc=1">View Product</a></div><div class="product"><a href="https://www.amazon.com/dp/B08BRCT4JH?tag=eloabder-20&linkCode=osi&th=1&psc=1"><img src="https://m.media-amazon.com/images/I/41Ga6A+cXbL._SL500_.jpg" alt="Product Image"></a><p>BESIGN LS03 Aluminum Laptop Stand, Ergonomic Detachable Computer Stand, Notebook Riser Compatible with Air, Pro, Dell, HP, Lenovo More 10-15.6" Laptops, Silver</p><p> -25% 0FF </p><p>$14.98</p><a href="https://www.amazon.com/dp/B08BRCT4JH?tag=eloabder-20&linkCode=osi&th=1&psc=1">View Product</a></div>
<div class="product"><a href="https://www.amazon.com/dp/B07Q79ZZJ6?tag=eloabder-20&linkCode=osi&th=1&psc=1"><img src="https://m.media-amazon.com/images/I/31-LBzENQIL._SL500_.jpg" alt="Product Image"></a><p>Single LCD Computer Monitor Free-Standing Desk Stand Mount Riser for 13 inch to 32 inch screen with Swivel, Height Adjustable, Rotation, Vesa Base Stand Holds One (1) Screen up to 77Lbs(HT05B-001))</p><p> -34% 0FF </p><p>$21.99</p><a href="https://www.amazon.com/dp/B07Q79ZZJ6?tag=eloabder-20&linkCode=osi&th=1&psc=1">View Product</a></div><div class="product"><a href="https://www.amazon.com/dp/B082845XM8?tag=eloabder-20&linkCode=osi&th=1&psc=1"><img src="https://m.media-amazon.com/images/I/41uRH1B7HgL._SL500_.jpg" alt="Product Image"></a><p>Dual Monitor Stand - Vertical Stack Screen Free-Standing Monitor Riser Fits Two 13 to 34 Inch Screen with Swivel, Tilt, Height Adjustable, Holds One (1) Screen Up to 44Lbs</p><p> -5% 0FF </p><p>$31.56</p><a href="https://www.amazon.com/dp/B082845XM8?tag=eloabder-20&linkCode=osi&th=1&psc=1">View Product</a></div><div class="product"><a href="https://www.amazon.com/dp/B00X4SCCFG?tag=eloabder-20&linkCode=osi&th=1&psc=1"><img src="https://m.media-amazon.com/images/I/21X2klzUZGL._SL500_.jpg" alt="Product Image"></a><p>Amazon Basics Height Adjustable Rectangular Computer Monitor Riser Desk Stand with Storage for Reduced Neck Strain - Fits Monitors, Laptops Up to 22lbs, Black</p><p> -35% 0FF </p><p>$14.06</p><a href="https://www.amazon.com/dp/B00X4SCCFG?tag=eloabder-20&linkCode=osi&th=1&psc=1">View Product</a></div>
<div class="product"><a href="https://www.amazon.com/dp/B07HFDJCSL?tag=eloabder-20&linkCode=osi&th=1&psc=1"><img src="https://m.media-amazon.com/images/I/41DR7qY1naL._SL500_.jpg" alt="Product Image"></a><p>VIVO Large Keyboard Tray Under Desk Pull Out with Extra Sturdy C Clamp Mount System, 27 (33 Including Clamps) x 11 Inch Slide-Out Platform Computer Drawer for Typing, Black, MOUNT-KB05E</p><p> -17% 0FF </p><p>$49.99</p><a href="https://www.amazon.com/dp/B07HFDJCSL?tag=eloabder-20&linkCode=osi&th=1&psc=1">View Product</a></div><div class="product"><a href="https://www.amazon.com/dp/B082NKBM62?tag=eloabder-20&linkCode=osi&th=1&psc=1"><img src="https://m.media-amazon.com/images/I/41qQ3p9-mrL._SL500_.jpg" alt="Product Image"></a><p>HUANUO Keyboard Tray Under Desk, 360 Adjustable Ergonomic Sliding Keyboard & Mouse Tray, Under Desk Keyboard Tray Slide Out, Keyboard Holder Under Desk for Typing in Home, Office Work, 25"W x 9.84"D</p><p> -33% 0FF </p><p>$59.98</p><a href="https://www.amazon.com/dp/B082NKBM62?tag=eloabder-20&linkCode=osi&th=1&psc=1">View Product</a></div><div class="product"><a href="https://www.amazon.com/dp/B0F23GTKHL?tag=eloabder-20&linkCode=osi&th=1&psc=1"><img src="https://m.media-amazon.com/images/I/41dmHoeznDL._SL500_.jpg" alt="Product Image"></a><p>Zontera Ergonomic Mouse & Keyboard Tray Under Desk, Pull Out with Adjustable C-clamp, 20 (25.9 Including Clamps) x 11.8 Inch Slide Out Computer Keyboard Drawer Mouse Tray for Typing, Black</p><p> -7% 0FF </p><p>$25.99</p><a href="https://www.amazon.com/dp/B0F23GTKHL?tag=eloabder-20&linkCode=osi&th=1&psc=1">View Product</a></div><div class="product"><a href="https://www.amazon.com/dp/B01IIGMBVI?tag=eloabder-20&linkCode=osi&th=1&psc=1"><img src="https://m.media-amazon.com/images/I/21Vw8003F0L._SL500_.jpg" alt="Product Image"></a><p>Alera ALE Valencia Series Underdesk Keyboard/Mouse Shelf, 28w x 12d, Black</p><p> -50% 0FF </p><p>$29.22</p><a href="https://www.amazon.com/dp/B01IIGMBVI?tag=eloabder-20&linkCode=osi&th=1&psc=1">View Product</a></div>
<div class="product"><a href="https://www.amazon.com/dp/B07C3XZMC6?tag=eloabder-20&linkCode=osi&th=1&psc=1"><img src="https://m.media-amazon.com/images/I/31Eojf7glwL._SL500_.jpg" alt="Product Image"></a><p>JIKIOU 3 Pack Mouse Pad with Stitched Edge, Comfortable Mouse Pads with Non-Slip Rubber Base, Washable Mousepads Bulk with Comfortable Cloth, Mouse Pads for Computers Laptop Mouse 10.2x8.3inch Black</p><p> -29% 0FF </p><p>$7.99</p><a href="https://www.amazon.com/dp/B07C3XZMC6?tag=eloabder-20&linkCode=osi&th=1&psc=1">View Product</a></div><div class="product"><a href="https://www.amazon.com/dp/B085XRMSTT?tag=eloabder-20&linkCode=osi&th=1&psc=1"><img src="https://m.media-amazon.com/images/I/31aDSI0sFoL._SL500_.jpg" alt="Product Image"></a><p>EooCoo Ergonomic Mouse Pad with Wrist Support, Mousepad with Memory Foam Wrist Rest and Non-Slip Base for Computer, Cafe, Home & Office, 9.64 x 8.26 in Office Desk Accessories</p><p> -36% 0FF </p><p>$6.99</p><a href="https://www.amazon.com/dp/B085XRMSTT?tag=eloabder-20&linkCode=osi&th=1&psc=1">View Product</a></div>
<div class="product"><a href="https://www.amazon.com/dp/B0BRCJL4MM?tag=eloabder-20&linkCode=osi&th=1&psc=1"><img src="https://m.media-amazon.com/images/I/41sggzaNbPL._SL500_.jpg" alt="Product Image"></a><p>Led Desk Lamp for Office Home - Eye Caring Architect lamp with Clamp,Dual Screen Computer Monitor Gooseneck Smart Light: 24W 5 Color Flexible Adjustable Lighting Table Lamp for Study Drafting</p><p> -13% 0FF </p><p>$69.99</p><a href="https://www.amazon.com/dp/B0BRCJL4MM?tag=eloabder-20&linkCode=osi&th=1&psc=1">View Product</a></div><div class="product"><a href="https://www.amazon.com/dp/B0BNHNG5CY?tag=eloabder-20&linkCode=osi&th=1&psc=1"><img src="https://m.media-amazon.com/images/I/51ccmdZe2YL._SL500_.jpg" alt="Product Image"></a><p>Micomlan Led Desk Lamp with Clamp, Architect Desk Lamp for Home Office with Atmosphere Lighting, 24W Ultra Bright Auto Dimming Computer Light Stepless Dimming and Tempering LED Table Light</p><p> -27% 0FF </p><p>$49.99</p><a href="https://www.amazon.com/dp/B0BNHNG5CY?tag=eloabder-20&linkCode=osi&th=1&psc=1">View Product</a></div><div class="product"><a href="https://www.amazon.com/dp/B078W61H9P?tag=eloabder-20&linkCode=osi&th=1&psc=1"><img src="https://m.media-amazon.com/images/I/31aebwb3nqL._SL500_.jpg" alt="Product Image"></a><p>LEPOWER Metal Desk Lamp, Eye-Caring Table Lamp, Study Lamps with Flexible Goose Neck for Bedroom, Home Office (Matte Black)</p><p> -24% 0FF </p><p>$24.99</p><a href="https://www.amazon.com/dp/B078W61H9P?tag=eloabder-20&linkCode=osi&th=1&psc=1">View Product</a></div><div class="product"><a href="https://www.amazon.com/dp/B0D1DLY4H4?tag=eloabder-20&linkCode=osi&th=1&psc=1"><img src="https://m.media-amazon.com/images/I/41sKiuSIwRL._SL500_.jpg" alt="Product Image"></a><p>SKYLEO Led Desk Lamp - Desk Light for 31.5" Tall - 5 Color Modes X 11 Brightness Levels - Adjustable Swing Arm - Timmer & Memory Function - 12W Lamp for Desk - Black</p><p> -23% 0FF </p><p>$19.99</p><a href="https://www.amazon.com/dp/B0D1DLY4H4?tag=eloabder-20&linkCode=osi&th=1&psc=1">View Product</a></div><div class="product"><a href="https://www.amazon.com/dp/B0D2LGK82V?tag=eloabder-20&linkCode=osi&th=1&psc=1"><img src="https://m.media-amazon.com/images/I/41UpQ-qygDL._SL500_.jpg" alt="Product Image"></a><p>Addtam LED Desk Lamp, Power Strip with 3 Outlets 4 USB Charging Ports(2 USBC), 4 Modes 5 Level Brightness Touch Lamp, Small Desk Lamp for Home Office College Dorm Room Essentials</p><p> -23% 0FF </p><p>$16.99</p><a href="https://www.amazon.com/dp/B0D2LGK82V?tag=eloabder-20&linkCode=osi&th=1&psc=1">View Product</a></div><div class="product"><a href="https://www.amazon.com/dp/B08LMTQ7ZF?tag=eloabder-20&linkCode=osi&th=1&psc=1"><img src="https://m.media-amazon.com/images/I/21vKPX2KHML._SL500_.jpg" alt="Product Image"></a><p>Lepro LED Desk Lamp for Home Office, 9.5W 750LM Metal Touch Control Desk Light, 5 Color Modes 5 Brightness Level, Eye Caring Task Lamp For Reading, Sewing, Crafts, School Supplies, Puzzle Light, Black</p><p> -13% 0FF </p><p>$24.99</p><a href="https://www.amazon.com/dp/B08LMTQ7ZF?tag=eloabder-20&linkCode=osi&th=1&psc=1">View Product</a></div>
<div class="product"><a href="https://www.amazon.com/dp/B0D7BXNDP4?tag=eloabder-20&linkCode=osi&th=1&psc=1"><img src="https://m.media-amazon.com/images/I/41DuEunZ1+L._SL500_.jpg" alt="Product Image"></a><p>Monitor Fan with Clamp & Light Bar Desk Lamp with fan for Office mini Desk fan small quiet with lamp for PC Laptops Tablet for Home Office Portable Working Reading Stand Lamp</p><p> -5% 0FF </p><p>$15.19</p><a href="https://www.amazon.com/dp/B0D7BXNDP4?tag=eloabder-20&linkCode=osi&th=1&psc=1">View Product</a></div><div class="product"><a href="https://www.amazon.com/dp/B07K1D41DC?tag=eloabder-20&linkCode=osi&th=1&psc=1"><img src="https://m.media-amazon.com/images/I/310MAouNV-L._SL500_.jpg" alt="Product Image"></a><p>OttLite Cool Breeze LED Lamp with Bladeless Fan - 3 Speed Options & 5 Brightness Settings with Energy Efficient Natural Daylight LEDs - Desktop, Table or Nightstand Lamp for Studying or Reading</p><p> -14% 0FF </p><p>$89.98</p><a href="https://www.amazon.com/dp/B07K1D41DC?tag=eloabder-20&linkCode=osi&th=1&psc=1">View Product</a></div>
<div class="product"><a href="https://www.amazon.com/dp/B0CXSXL1F2?tag=eloabder-20&linkCode=osi&th=1&psc=1"><img src="https://m.media-amazon.com/images/I/41H6cndt7iL._SL500_.jpg" alt="Product Image"></a><p>9 Pack Lined Sticky Notes 4x6 in Post Sticky Notes with Lines, 9 Bright Colors Self Sticky Notes Pad Its, Large Ruled Sticky Note for Office, Home, 35 Sheets/Pad</p><p> -33% 0FF </p><p>$7.99</p><a href="https://www.amazon.com/dp/B0CXSXL1F2?tag=eloabder-20&linkCode=osi&th=1&psc=1">View Product</a></div><div class="product"><a href="https://www.amazon.com/dp/B019QROV9S?tag=eloabder-20&linkCode=osi&th=1&psc=1"><img src="https://m.media-amazon.com/images/I/51OsStyntzL._SL500_.jpg" alt="Product Image"></a><p>Sharpie Clear View Highlighter Sticks, Chisel Tip, Assorted Fluorescent, 8 Count - School, Home, and Office Use, Teacher Supplies</p><p> -23% 0FF </p><p>$13.86</p><a href="https://www.amazon.com/dp/B019QROV9S?tag=eloabder-20&linkCode=osi&th=1&psc=1">View Product</a></div>
<div class="product"><a href="https://www.amazon.com/dp/B082PN4X5J?tag=eloabder-20&linkCode=osi&th=1&psc=1"><img src="https://m.media-amazon.com/images/I/51o+eA8g6nL._SL500_.jpg" alt="Product Image"></a><p>Sharpie S-Gel Gel Pens, Black Barrel, Medium Point (0.7mm), Black Gel Ink Pens, 12 Count - Home, Office, School, Journaling, Writing, Note-Taking, Teacher Supplies</p><p> -14% 0FF </p><p>$11.97</p><a href="https://www.amazon.com/dp/B082PN4X5J?tag=eloabder-20&linkCode=osi&th=1&psc=1">View Product</a></div><div class="product"><a href="https://www.amazon.com/dp/B0C9W8DD9S?tag=eloabder-20&linkCode=osi&th=1&psc=1"><img src="https://m.media-amazon.com/images/I/41mdSvEwNZL._SL500_.jpg" alt="Product Image"></a><p>Ddaowanx Gel Pens, 6 Pcs 0.5mm Quick Dry Black Ink Pens Fine Point Smooth Writing Pens, Cute Office School Supplies Gifts for Women</p><p> -10% 0FF </p><p>$8.99</p><a href="https://www.amazon.com/dp/B0C9W8DD9S?tag=eloabder-20&linkCode=osi&th=1&psc=1">View Product</a></div><div class="product"><a href="https://www.amazon.com/dp/B019QBOG3U?tag=eloabder-20&linkCode=osi&th=1&psc=1"><img src="https://m.media-amazon.com/images/I/416PjSebDoL._SL500_.jpg" alt="Product Image"></a><p>Paper Mate Colorful Gel Pens - InkJoy Gel Pens Assorted Medium Point (0.7). Perfect for Vibrant Colored Writing and Sketching with Paper Mate InkJoy 14 Count</p><p> -18% 0FF </p><p>$10.31</p><a href="https://www.amazon.com/dp/B019QBOG3U?tag=eloabder-20&linkCode=osi&th=1&psc=1">View Product</a></div><div class="product"><a href="https://www.amazon.com/dp/B0C73JDN4S?tag=eloabder-20&linkCode=osi&th=1&psc=1"><img src="https://m.media-amazon.com/images/I/51DJUUxL7HL._SL500_.jpg" alt="Product Image"></a><p>Linbsunne Ballpoint Pens Black Medium Point 1mm Pen with Super Soft Grip Ball Point Pen for Men Women Retractable Pens (gold-12 pcs)</p><p> -10% 0FF </p><p>$8.99</p><a href="https://www.amazon.com/dp/B0C73JDN4S?tag=eloabder-20&linkCode=osi&th=1&psc=1">View Product</a></div><div class="product"><a href="https://www.amazon.com/dp/B001OTA66O?tag=eloabder-20&linkCode=osi&th=1&psc=1"><img src="https://m.media-amazon.com/images/I/41yS5tBZQLL._SL500_.jpg" alt="Product Image"></a><p>BIC Glide Black Retractable Ballpoint Pens, Medium Point (1.0mm), 4-Count Pack, Ultra Smooth Writing Black Pens</p><p> -40% 0FF </p><p>$2.99</p><a href="https://www.amazon.com/dp/B001OTA66O?tag=eloabder-20&linkCode=osi&th=1&psc=1">View Product</a></div>
<div class="product"><a href="https://www.amazon.com/dp/B002HVXXCW?tag=eloabder-20&linkCode=osi&th=1&psc=1"><img src="https://m.media-amazon.com/images/I/41JeEedXCeL._SL500_.jpg" alt="Product Image"></a><p>Ticonderoga Wood-Cased Pencils, Pre-Sharpened, 2 HB Soft, Yellow, 10 Count</p><p> -58% 0FF </p><p>$2.49</p><a href="https://www.amazon.com/dp/B002HVXXCW?tag=eloabder-20&linkCode=osi&th=1&psc=1">View Product</a></div><div class="product"><a href="https://www.amazon.com/dp/B077Q4B6YN?tag=eloabder-20&linkCode=osi&th=1&psc=1"><img src="https://m.media-amazon.com/images/I/4160YcHGDNL._SL500_.jpg" alt="Product Image"></a><p>Paper Mate 2017483 Mechanical Pencils for Handwriting, Triangular, 5/PK, AST</p><p> -45% 0FF </p><p>$3.47</p><a href="https://www.amazon.com/dp/B077Q4B6YN?tag=eloabder-20&linkCode=osi&th=1&psc=1">View Product</a></div>
<div class="product"><a href="https://www.amazon.com/dp/B0D7YTZNRF?tag=eloabder-20&linkCode=osi&th=1&psc=1"><img src="https://m.media-amazon.com/images/I/41hSbSlNAmL._SL500_.jpg" alt="Product Image"></a><p>YASNAY Alcohol Markers, 48 Colors Dual Tip Art Marker, Drawing Markers, Coloring Marker for Kids Sketching Adult Coloring</p><p> -27% 0FF </p><p>$10.99</p><a href="https://www.amazon.com/dp/B0D7YTZNRF?tag=eloabder-20&linkCode=osi&th=1&psc=1">View Product</a></div><div class="product"><a href="https://www.amazon.com/dp/B07CJ8QXF8?tag=eloabder-20&linkCode=osi&th=1&psc=1"><img src="https://m.media-amazon.com/images/I/51bChi4-H4L._SL500_.jpg" alt="Product Image"></a><p>Dual Markers Brush Pens, 36 Fine Point Art Marker, Double Tip Colored Pen for Adult Coloring Hand Lettering, School Classroom Art Suppliers</p><p> -20% 0FF </p><p>$7.98</p><a href="https://www.amazon.com/dp/B07CJ8QXF8?tag=eloabder-20&linkCode=osi&th=1&psc=1">View Product</a></div><div class="product"><a href="https://www.amazon.com/dp/B071CP6X88?tag=eloabder-20&linkCode=osi&th=1&psc=1"><img src="https://m.media-amazon.com/images/I/41sNeEYkTNL._SL500_.jpg" alt="Product Image"></a><p>Crayola Super Tips Marker Set for Kids (100ct), Broad Tip & Fine Point Washable Art Markers for Kids, Bulk School Supplies, Teacher Classroom Must Haves, Drawing Supplies</p><p> -19% 0FF </p><p>$16.29</p><a href="https://www.amazon.com/dp/B071CP6X88?tag=eloabder-20&linkCode=osi&th=1&psc=1">View Product</a></div><div class="product"><a href="https://www.amazon.com/dp/B08MBFPFCQ?tag=eloabder-20&linkCode=osi&th=1&psc=1"><img src="https://m.media-amazon.com/images/I/51DaGL7Z4oL._SL500_.jpg" alt="Product Image"></a><p>Sharpie Permanent Markers Variety Pack, Includes Chisel, Fine, and Ultra-Fine Tips, Marker Set, Writing, Coloring, Poster, Office, School Supplies, Black, 6 Count</p><p> -19% 0FF </p><p>$4.63 ($0.77 / Count)</p><a href="https://www.amazon.com/dp/B08MBFPFCQ?tag=eloabder-20&linkCode=osi&th=1&psc=1">View Product</a></div>
<div class="product"><a href="https://www.amazon.com/dp/B09Y2KJ2KX?tag=eloabder-20&linkCode=osi&th=1&psc=1"><img src="https://m.media-amazon.com/images/I/41EhQr7suML._SL500_.jpg" alt="Product Image"></a><p>Sharpie Pocket Highlighters, Mild Pastel Colors, Assorted, Chisel Tip, 12 Count - School, Home, and Office Use, Teacher Supplies</p><p> -22% 0FF </p><p>$7.76 ($0.65 / Count)</p><a href="https://www.amazon.com/dp/B09Y2KJ2KX?tag=eloabder-20&linkCode=osi&th=1&psc=1">View Product</a></div><div class="product"><a href="https://www.amazon.com/dp/B08698MJWT?tag=eloabder-20&linkCode=osi&th=1&psc=1"><img src="https://m.media-amazon.com/images/I/512N7aYt5oL._SL500_.jpg" alt="Product Image"></a><p>Sharpie S-Note Creative Markers, Pastel Highlighters, Art Marker Set, Assorted Colors, Chisel Tip, 24 Count - School, Home, and Office Use, Teacher Supplies</p><p> -60% 0FF </p><p>$8.83</p><a href="https://www.amazon.com/dp/B08698MJWT?tag=eloabder-20&linkCode=osi&th=1&psc=1">View Product</a></div>
<div class="product"><a href="https://www.amazon.com/dp/B097DPQPYN?tag=eloabder-20&linkCode=osi&th=1&psc=1"><img src="https://m.media-amazon.com/images/I/51nFyQPtfkL._SL500_.jpg" alt="Product Image"></a><p>Sonuimy Pencil Sharpeners, 4 Pcs Pencil Sharpeners Manual,Dual Holes Compact Colored Handheld Pencil Sharpener for Kids with Lid Adults Students School Class Home Office (Covered)</p><p> -13% 0FF </p><p>$4.49</p><a href="https://www.amazon.com/dp/B097DPQPYN?tag=eloabder-20&linkCode=osi&th=1&psc=1">View Product</a></div><div class="product"><a href="https://www.amazon.com/dp/B000MFN1G8?tag=eloabder-20&linkCode=osi&th=1&psc=1"><img src="https://m.media-amazon.com/images/I/41JPflroUEL._SL500_.jpg" alt="Product Image"></a><p>Compact Desktop Electric Pencil Sharpener, Black, Sold as 1 Each</p><p> -21% 0FF </p><p>$15.89</p><a href="https://www.amazon.com/dp/B000MFN1G8?tag=eloabder-20&linkCode=osi&th=1&psc=1">View Product</a></div><div class="product"><a href="https://www.amazon.com/dp/B00125KXGI?tag=eloabder-20&linkCode=osi&th=1&psc=1"><img src="https://m.media-amazon.com/images/I/51avY0bZv6L._SL500_.jpg" alt="Product Image"></a><p>Bostitch Office Personal Electric Pencil Sharpener, Powerful Stall-Free Motor, High Capacity Shavings Tray, Blue</p><p> -13% 0FF </p><p>$17.48</p><a href="https://www.amazon.com/dp/B00125KXGI?tag=eloabder-20&linkCode=osi&th=1&psc=1">View Product</a></div><div class="product"><a href="https://www.amazon.com/dp/B078DZY9Z5?tag=eloabder-20&linkCode=osi&th=1&psc=1"><img src="https://m.media-amazon.com/images/I/41KbUFGrXfL._SL500_.jpg" alt="Product Image"></a><p>JARLINK Electric Pencil Sharpener, Heavy-Duty Helical Blade to Fast Sharpen, Auto Stop for No.2/Colored Pencils(6-8mm), AC Adapter/Battery Operated in School Classroom/Office/Home (Black)</p><p> -21% 0FF </p><p>$16.98</p><a href="https://www.amazon.com/dp/B078DZY9Z5?tag=eloabder-20&linkCode=osi&th=1&psc=1">View Product</a></div><div class="product"><a href="https://www.amazon.com/dp/B08DLXH86D?tag=eloabder-20&linkCode=osi&th=1&psc=1"><img src="https://m.media-amazon.com/images/I/41UghsnBycL._SL500_.jpg" alt="Product Image"></a><p>Aogwat Pencil Sharpener Electric Pencil Sharpener for Kids, Blade to Fast Sharpen, Suitable for No.2/School/Classroom/Office/Home (Black)</p><p> -23% 0FF </p><p>$9.99</p><a href="https://www.amazon.com/dp/B08DLXH86D?tag=eloabder-20&linkCode=osi&th=1&psc=1">View Product</a></div><div class="product"><a href="https://www.amazon.com/dp/B000GP0VIU?tag=eloabder-20&linkCode=osi&th=1&psc=1"><img src="https://m.media-amazon.com/images/I/318OKKSwzbL._SL500_.jpg" alt="Product Image"></a><p>Bostitch Office Wall Mount Manual Pencil Sharpener, Tip Saver, 8 Hole Dial, 6X Longer Cutter Life, Vertical or Horizontal Mounting Black (MPS1-BLK)</p><p> -9% 0FF </p><p>$13.18</p><a href="https://www.amazon.com/dp/B000GP0VIU?tag=eloabder-20&linkCode=osi&th=1&psc=1">View Product</a></div>

<div class="product"><a href="https://www.amazon.com/dp/B0033J6V3A?tag=eloabder-20&linkCode=osi&th=1&psc=1"><img src="https://m.media-amazon.com/images/I/21o5ASbichL._SL500_.jpg" alt="Product Image"></a><p>NuSparc 2 Drawer Locking Filing Cabinet | Pre-Assembled Steel Construction | Space-Saving Design is Perfect for Home and Small Office | Letter-Size | Assembled in North America</p><p> -14% 0FF </p><p>$76.99</p><a href="https://www.amazon.com/dp/B0033J6V3A?tag=eloabder-20&linkCode=osi&th=1&psc=1">View Product</a></div><div class="product"><a href="https://www.amazon.com/dp/B0D9XYD75W?tag=eloabder-20&linkCode=osi&th=1&psc=1"><img src="https://m.media-amazon.com/images/I/31VM3xK++PL._SL500_.jpg" alt="Product Image"></a><p>BYNSOE 2 Drawer File Cabinet with Lock Vertical Filing Storage Cabinet Office Home Steel Vertical File Cabinets for Letter Size File Cabinet Locked,Assembly Required</p><p> -8% 0FF </p><p>$54.99</p><a href="https://www.amazon.com/dp/B0D9XYD75W?tag=eloabder-20&linkCode=osi&th=1&psc=1">View Product</a></div><div class="product"><a href="https://www.amazon.com/dp/B0989HLF81?tag=eloabder-20&linkCode=osi&th=1&psc=1"><img src="https://m.media-amazon.com/images/I/51vzgnkbcjL._SL500_.jpg" alt="Product Image"></a><p>DEVAISE 3 Drawer Mobile File Cabinet, Wood Lateral Filing Cabinet, Printer Stand with Open Shelves for Home Office, Rustic Brown</p><p> -21% 0FF </p><p>$74.99</p><a href="https://www.amazon.com/dp/B0989HLF81?tag=eloabder-20&linkCode=osi&th=1&psc=1">View Product</a></div>
<div class="product"><a href="https://www.amazon.com/dp/B00006RSQD?tag=eloabder-20&linkCode=osi&th=1&psc=1"><img src="https://m.media-amazon.com/images/I/315rez3KpeL._SL500_.jpg" alt="Product Image"></a><p>Bush Business Furniture Series C 36W Tall 5 Shelf Bookcase in Hansen Cherry, Large Storage and Display Bookshelf for Home or Professional Office</p><p> -8% 0FF </p><p>$239.49</p><a href="https://www.amazon.com/dp/B00006RSQD?tag=eloabder-20&linkCode=osi&th=1&psc=1">View Product</a></div>
<div class="product"><a href="https://www.amazon.com/dp/B09F6JPYSY?tag=eloabder-20&linkCode=osi&th=1&psc=1"><img src="https://m.media-amazon.com/images/I/51fGLH7lhHL._SL500_.jpg" alt="Product Image"></a><p>SPACELEAD Slim Storage Cart 3 Tier,Bathroom Organizer Rolling Utility,Mobile Shelving Unit Slide Out for Office, Kitchen, Laundry Room & Narrow Places,Black</p><p> -30% 0FF </p><p>$20.99</p><a href="https://www.amazon.com/dp/B09F6JPYSY?tag=eloabder-20&linkCode=osi&th=1&psc=1">View Product</a></div><div class="product"><a href="https://www.amazon.com/dp/B08KFTVGQY?tag=eloabder-20&linkCode=osi&th=1&psc=1"><img src="https://m.media-amazon.com/images/I/51BjUEmGaiL._SL500_.jpg" alt="Product Image"></a><p>SONGMICS Cube Storage Organizer, Set of 16 Plastic Cubes, Closet Organizers and Storage, Room Organization, Bedroom Living Room, 12.2 x 48.4 x 48.4 Inches, Rustic Brown ULPC442A01</p><p> -15% 0FF </p><p>$46.99</p><a href="https://www.amazon.com/dp/B08KFTVGQY?tag=eloabder-20&linkCode=osi&th=1&psc=1">View Product</a></div><div class="product"><a href="https://www.amazon.com/dp/B0DG359YX5?tag=eloabder-20&linkCode=osi&th=1&psc=1"><img src="https://m.media-amazon.com/images/I/41OBXL4HJdL._SL500_.jpg" alt="Product Image"></a><p>VIVO Clamp-on 13 inch Above or Below Desk 2-Tier Shelving Unit for Table Accessories, Gaming Devices, and More, Storage Tray, Desktop Organizer, Rustic Vintage Brown, STAND-SHELF2C-N</p><p> -20% 0FF </p><p>$39.99</p><a href="https://www.amazon.com/dp/B0DG359YX5?tag=eloabder-20&linkCode=osi&th=1&psc=1">View Product</a></div><div class="product"><a href="https://www.amazon.com/dp/B0D7S5GGP6?tag=eloabder-20&linkCode=osi&th=1&psc=1"><img src="https://m.media-amazon.com/images/I/51EriWG2BLL._SL500_.jpg" alt="Product Image"></a><p>C&AHOME Wire Cube Storage, 9 - Cube Organizer Metal C Grids, Modular Shelves Units, Closet Organizer, Ideal for Home, Office, Living Room, 36.6”L x 12.4”W x 48.4”H, Silver Gray UWCS3009G</p><p> -33% 0FF </p><p>$28.87</p><a href="https://www.amazon.com/dp/B0D7S5GGP6?tag=eloabder-20&linkCode=osi&th=1&psc=1">View Product</a></div>
<div class="product"><a href="https://www.amazon.com/dp/B0B1M6ML2J?tag=eloabder-20&linkCode=osi&th=1&psc=1"><img src="https://m.media-amazon.com/images/I/51pX2Qo38JL._SL500_.jpg" alt="Product Image"></a><p>WOWBOX 25 PCS Clear Plastic Drawer Organizer Set, 4 Sizes Desk Drawer Divider Organizers and Storage Bins for Makeup, Jewelry, Gadgets for Kitchen, Bedroom, Bathroom, Office</p><p> -35% 0FF </p><p>$16.13 ($0.65 / Count)</p><a href="https://www.amazon.com/dp/B0B1M6ML2J?tag=eloabder-20&linkCode=osi&th=1&psc=1">View Product</a></div><div class="product"><a href="https://www.amazon.com/dp/B0DB8F7GDN?tag=eloabder-20&linkCode=osi&th=1&psc=1"><img src="https://m.media-amazon.com/images/I/51iOtKHzvCL._SL500_.jpg" alt="Product Image"></a><p>OPNICE Desk Organizer and Accessories, 2-Tier Computer Monitor Stand Riser with Drawer and 2 Pen Holders, Laptop Stand, Office Desk Accessories for Office Supplies, Black</p><p> -27% 0FF </p><p>$21.99</p><a href="https://www.amazon.com/dp/B0DB8F7GDN?tag=eloabder-20&linkCode=osi&th=1&psc=1">View Product</a></div><div class="product"><a href="https://www.amazon.com/dp/B0FQ86P4M3?tag=eloabder-20&linkCode=osi&th=1&psc=1"><img src="https://m.media-amazon.com/images/I/41ZDdyGnPxL._SL500_.jpg" alt="Product Image"></a><p>Mind Reader 2-Tier Desk Organizer with Clamp, Accessory Shelf for Office or Gaming, Office, Metal, White</p><p> -5% 0FF </p><p>$37.99</p><a href="https://www.amazon.com/dp/B0FQ86P4M3?tag=eloabder-20&linkCode=osi&th=1&psc=1">View Product</a></div><div class="product"><a href="https://www.amazon.com/dp/B0BYDGF8DT?tag=eloabder-20&linkCode=osi&th=1&psc=1"><img src="https://m.media-amazon.com/images/I/51sE2GzgVNL._SL500_.jpg" alt="Product Image"></a><p>OPNICE Desk Organizer and Accessories, 4-Tier Desktop File Organizer with Drawer and 2 Pen Holders, Office Desk Accessories, Workspace Organizers for Office Supplies(Black)</p><p> -33% 0FF </p><p>$19.99</p><a href="https://www.amazon.com/dp/B0BYDGF8DT?tag=eloabder-20&linkCode=osi&th=1&psc=1">View Product</a></div><div class="product"><a href="https://www.amazon.com/dp/B0DJKSMV2T?tag=eloabder-20&linkCode=osi&th=1&psc=1"><img src="https://m.media-amazon.com/images/I/41gO3CCIg1L._SL500_.jpg" alt="Product Image"></a><p>gianotter Dual Monitor Stand Riser, Desk Organizer With Drawer and 2 Pen Holders, Computer Monitor Stand, Shelf for Top of Desk, Black</p><p> -28% 0FF </p><p>$25.99</p><a href="https://www.amazon.com/dp/B0DJKSMV2T?tag=eloabder-20&linkCode=osi&th=1&psc=1">View Product</a></div><div class="product"><a href="https://www.amazon.com/dp/B0BWTT3WK1?tag=eloabder-20&linkCode=osi&th=1&psc=1"><img src="https://m.media-amazon.com/images/I/51JTe2SjicL._SL500_.jpg" alt="Product Image"></a><p>gianotter Desk Organizers and Accessories with File Holder, 4-Tier Desk Accessories & Workspace Organizers with Drawer and 2 Pen Holder, Paper Organizer for Office Supplies (Rose Gold)</p><p> -27% 0FF </p><p>$23.99</p><a href="https://www.amazon.com/dp/B0BWTT3WK1?tag=eloabder-20&linkCode=osi&th=1&psc=1">View Product</a></div><div class="product"><a href="https://www.amazon.com/dp/B09QKDY1YY?tag=eloabder-20&linkCode=osi&th=1&psc=1"><img src="https://m.media-amazon.com/images/I/519UVM73B6L._SL500_.jpg" alt="Product Image"></a><p>Supeasy 5 Trays Paper Organizer Letter Tray with Handle-Mesh Desk File Organizer, Paper Sorter Desk Organizer for Office, Home or School</p><p> -17% 0FF </p><p>$19.99</p><a href="https://www.amazon.com/dp/B09QKDY1YY?tag=eloabder-20&linkCode=osi&th=1&psc=1">View Product</a></div><div class="product"><a href="https://www.amazon.com/dp/B08PBFKGJG?tag=eloabder-20&linkCode=osi&th=1&psc=1"><img src="https://m.media-amazon.com/images/I/61WfW0WLsqL._SL500_.jpg" alt="Product Image"></a><p>Marbrasse 6 Tier Paper Organizer Letter Tray - Mesh Desk File Organizer with Handle, Paper Sorter Organizer for Letter/A4 Office File Folder Holder - Black</p><p> -23% 0FF </p><p>$19.98</p><a href="https://www.amazon.com/dp/B08PBFKGJG?tag=eloabder-20&linkCode=osi&th=1&psc=1">View Product</a></div><div class="product"><a href="https://www.amazon.com/dp/B09K5927B5?tag=eloabder-20&linkCode=osi&th=1&psc=1"><img src="https://m.media-amazon.com/images/I/51u5tZ4jR6L._SL500_.jpg" alt="Product Image"></a><p>Marbrasse Desk Organizer with File Holder, 5-Tier Paper Letter Tray Organizer with Drawer and 2 Pen Holder, Mesh Desktop Organizer and Storage with Magazine Holder for Office Supplies(Black)</p><p> -24% 0FF </p><p>$33.99</p><a href="https://www.amazon.com/dp/B09K5927B5?tag=eloabder-20&linkCode=osi&th=1&psc=1">View Product</a></div>
<div class="product"><a href="https://www.amazon.com/dp/B0CNXF7SVS?tag=eloabder-20&linkCode=osi&th=1&psc=1"><img src="https://m.media-amazon.com/images/I/51a6EswyTZL._SL500_.jpg" alt="Product Image"></a><p>Manalete Drawer Organizers Set of 15, 4 Sizes Clear Plastic Drawer Organizers and Storage Bins for Kitchen, Bathroom, Office, Dresser Desk Drawer Organizer Tray for Jewelry, Makeup, Junk, Gadgets</p><p> -29% 0FF </p><p>$9.99</p><a href="https://www.amazon.com/dp/B0CNXF7SVS?tag=eloabder-20&linkCode=osi&th=1&psc=1">View Product</a></div><div class="product"><a href="https://www.amazon.com/dp/B0CCY5X6SS?tag=eloabder-20&linkCode=osi&th=1&psc=1"><img src="https://m.media-amazon.com/images/I/41Iye-vPXJL._SL500_.jpg" alt="Product Image"></a><p>Bamboo Drawer Organizer Set, 5 PCS Multi-Use Individual Wood Storage Organizers, Junk Drawer Divider and Storage Trays Containers for Kitchen, Bathroom, Office Desk, Makeup, Jewelry, Utensils</p><p> -20% 0FF </p><p>$19.99 ($4.00 / Count)</p><a href="https://www.amazon.com/dp/B0CCY5X6SS?tag=eloabder-20&linkCode=osi&th=1&psc=1">View Product</a></div><div class="product"><a href="https://www.amazon.com/dp/B0CCDJQ7MM?tag=eloabder-20&linkCode=osi&th=1&psc=1"><img src="https://m.media-amazon.com/images/I/51kU0WJxdsL._SL500_.jpg" alt="Product Image"></a><p>Marbrasse Expandable Desk Drawer Organizer, Mesh Drawer Organizer Tray with 10 Adjustable Compartments, Desk Organizers and Accessories, 5 Dividers Drawer for Office Supplies, Makeup & Vanity (Black)</p><p> -15% 0FF </p><p>$17.84</p><a href="https://www.amazon.com/dp/B0CCDJQ7MM?tag=eloabder-20&linkCode=osi&th=1&psc=1">View Product</a></div><div class="product"><a href="https://www.amazon.com/dp/B0DM27MBZN?tag=eloabder-20&linkCode=osi&th=1&psc=1"><img src="https://m.media-amazon.com/images/I/41hAfSMnrZL._SL500_.jpg" alt="Product Image"></a><p>ElegantArray 12 PCS Drawer Organizer Set, 4 Sizes Storage Drawer Units, Clear Plastic Makeup Vanity Organizer and Storage Bins for Makeup, Stationeries, Multiple Gadgets for Bathroom, Office, Bedroom</p><p> -31% 0FF </p><p>$8.99</p><a href="https://www.amazon.com/dp/B0DM27MBZN?tag=eloabder-20&linkCode=osi&th=1&psc=1">View Product</a></div>
<div class="product"><a href="https://www.amazon.com/dp/B0C4T42TPC?tag=eloabder-20&linkCode=osi&th=1&psc=1"><img src="https://m.media-amazon.com/images/I/318IsyAsPXL._SL500_.jpg" alt="Product Image"></a><p>Adjustable Mobile CPU Stand, Ventilated Computer Tower Stand with 4 Caster Wheels Fits Most PC Tower, Under Desk CPU Holder PC Floor Cart Computer Riser for Gamers and Students (Black)</p><p> -21% 0FF </p><p>$14.21</p><a href="https://www.amazon.com/dp/B0C4T42TPC?tag=eloabder-20&linkCode=osi&th=1&psc=1">View Product</a></div><div class="product"><a href="https://www.amazon.com/dp/B094QTGHNZ?tag=eloabder-20&linkCode=osi&th=1&psc=1"><img src="https://m.media-amazon.com/images/I/31VzBQ+jwWL._SL500_.jpg" alt="Product Image"></a><p>WALI Computer Monitor Stand for Desk, Adjustable Laptop Riser, Desk Monitor Stand Underneath Storage for Office, Home, School Supplies (STT003), 1 Pack, Black</p><p> -32% 0FF </p><p>$16.99</p><a href="https://www.amazon.com/dp/B094QTGHNZ?tag=eloabder-20&linkCode=osi&th=1&psc=1">View Product</a></div><div class="product"><a href="https://www.amazon.com/dp/B07H4DMLVH?tag=eloabder-20&linkCode=osi&th=1&psc=1"><img src="https://m.media-amazon.com/images/I/31eTfKhpSWL._SL500_.jpg" alt="Product Image"></a><p>HUANUO Monitor Stand, Monitor Stand Riser 3 Height Adjustable, Monitor Riser with Airflow Vents, Laptop Stand for Desk, Laptop Riser, Desk Organizer for Monitor, 15.6" Laptop, PC, Printer</p><p> -11% 0FF </p><p>$15.19</p><a href="https://www.amazon.com/dp/B07H4DMLVH?tag=eloabder-20&linkCode=osi&th=1&psc=1">View Product</a></div><div class="product"><a href="https://www.amazon.com/dp/B0D69W6H91?tag=eloabder-20&linkCode=osi&th=1&psc=1"><img src="https://m.media-amazon.com/images/I/51rQI+gi3lL._SL500_.jpg" alt="Product Image"></a><p>JANE EYRE Computer Tower Stand - Adjustable PC Tower Stand CPU Holder Cart with Charging Station for Office Home Classroom,23.03"-28.3" H, black</p><p> -10% 0FF </p><p>$53.99</p><a href="https://www.amazon.com/dp/B0D69W6H91?tag=eloabder-20&linkCode=osi&th=1&psc=1">View Product</a></div><div class="product"><a href="https://www.amazon.com/dp/B0C4T34L9Y?tag=eloabder-20&linkCode=osi&th=1&psc=1"><img src="https://m.media-amazon.com/images/I/51BNMGXNOEL._SL500_.jpg" alt="Product Image"></a><p>BONTEC Wooden Monitor Stand Riser, 2-Tier Desk Shelf with Storage Organizer, Ergonomic Computer Stand with Cable Management, Cellphone Holder, White, 16.5 Inch</p><p> -33% 0FF </p><p>$18.04</p><a href="https://www.amazon.com/dp/B0C4T34L9Y?tag=eloabder-20&linkCode=osi&th=1&psc=1">View Product</a></div><div class="product"><a href="https://www.amazon.com/dp/B08BRCT4JH?tag=eloabder-20&linkCode=osi&th=1&psc=1"><img src="https://m.media-amazon.com/images/I/41Ga6A+cXbL._SL500_.jpg" alt="Product Image"></a><p>BESIGN LS03 Aluminum Laptop Stand, Ergonomic Detachable Computer Stand, Notebook Riser Compatible with Air, Pro, Dell, HP, Lenovo More 10-15.6" Laptops, Silver</p><p> -25% 0FF </p><p>$14.98</p><a href="https://www.amazon.com/dp/B08BRCT4JH?tag=eloabder-20&linkCode=osi&th=1&psc=1">View Product</a></div>
<div class="product"><a href="https://www.amazon.com/dp/B07Q79ZZJ6?tag=eloabder-20&linkCode=osi&th=1&psc=1"><img src="https://m.media-amazon.com/images/I/31-LBzENQIL._SL500_.jpg" alt="Product Image"></a><p>Single LCD Computer Monitor Free-Standing Desk Stand Mount Riser for 13 inch to 32 inch screen with Swivel, Height Adjustable, Rotation, Vesa Base Stand Holds One (1) Screen up to 77Lbs(HT05B-001))</p><p> -34% 0FF </p><p>$21.99</p><a href="https://www.amazon.com/dp/B07Q79ZZJ6?tag=eloabder-20&linkCode=osi&th=1&psc=1">View Product</a></div><div class="product"><a href="https://www.amazon.com/dp/B082845XM8?tag=eloabder-20&linkCode=osi&th=1&psc=1"><img src="https://m.media-amazon.com/images/I/41uRH1B7HgL._SL500_.jpg" alt="Product Image"></a><p>Dual Monitor Stand - Vertical Stack Screen Free-Standing Monitor Riser Fits Two 13 to 34 Inch Screen with Swivel, Tilt, Height Adjustable, Holds One (1) Screen Up to 44Lbs</p><p> -5% 0FF </p><p>$31.56</p><a href="https://www.amazon.com/dp/B082845XM8?tag=eloabder-20&linkCode=osi&th=1&psc=1">View Product</a></div><div class="product"><a href="https://www.amazon.com/dp/B00X4SCCFG?tag=eloabder-20&linkCode=osi&th=1&psc=1"><img src="https://m.media-amazon.com/images/I/21X2klzUZGL._SL500_.jpg" alt="Product Image"></a><p>Amazon Basics Height Adjustable Rectangular Computer Monitor Riser Desk Stand with Storage for Reduced Neck Strain - Fits Monitors, Laptops Up to 22lbs, Black</p><p> -35% 0FF </p><p>$14.06</p><a href="https://www.amazon.com/dp/B00X4SCCFG?tag=eloabder-20&linkCode=osi&th=1&psc=1">View Product</a></div>
<div class="product"><a href="https://www.amazon.com/dp/B07HFDJCSL?tag=eloabder-20&linkCode=osi&th=1&psc=1"><img src="https://m.media-amazon.com/images/I/41DR7qY1naL._SL500_.jpg" alt="Product Image"></a><p>VIVO Large Keyboard Tray Under Desk Pull Out with Extra Sturdy C Clamp Mount System, 27 (33 Including Clamps) x 11 Inch Slide-Out Platform Computer Drawer for Typing, Black, MOUNT-KB05E</p><p> -17% 0FF </p><p>$49.99</p><a href="https://www.amazon.com/dp/B07HFDJCSL?tag=eloabder-20&linkCode=osi&th=1&psc=1">View Product</a></div><div class="product"><a href="https://www.amazon.com/dp/B082NKBM62?tag=eloabder-20&linkCode=osi&th=1&psc=1"><img src="https://m.media-amazon.com/images/I/41qQ3p9-mrL._SL500_.jpg" alt="Product Image"></a><p>HUANUO Keyboard Tray Under Desk, 360 Adjustable Ergonomic Sliding Keyboard & Mouse Tray, Under Desk Keyboard Tray Slide Out, Keyboard Holder Under Desk for Typing in Home, Office Work, 25"W x 9.84"D</p><p> -33% 0FF </p><p>$59.98</p><a href="https://www.amazon.com/dp/B082NKBM62?tag=eloabder-20&linkCode=osi&th=1&psc=1">View Product</a></div><div class="product"><a href="https://www.amazon.com/dp/B0F23GTKHL?tag=eloabder-20&linkCode=osi&th=1&psc=1"><img src="https://m.media-amazon.com/images/I/41dmHoeznDL._SL500_.jpg" alt="Product Image"></a><p>Zontera Ergonomic Mouse & Keyboard Tray Under Desk, Pull Out with Adjustable C-clamp, 20 (25.9 Including Clamps) x 11.8 Inch Slide Out Computer Keyboard Drawer Mouse Tray for Typing, Black</p><p> -7% 0FF </p><p>$25.99</p><a href="https://www.amazon.com/dp/B0F23GTKHL?tag=eloabder-20&linkCode=osi&th=1&psc=1">View Product</a></div><div class="product"><a href="https://www.amazon.com/dp/B01IIGMBVI?tag=eloabder-20&linkCode=osi&th=1&psc=1"><img src="https://m.media-amazon.com/images/I/21Vw8003F0L._SL500_.jpg" alt="Product Image"></a><p>Alera ALE Valencia Series Underdesk Keyboard/Mouse Shelf, 28w x 12d, Black</p><p> -50% 0FF </p><p>$29.22</p><a href="https://www.amazon.com/dp/B01IIGMBVI?tag=eloabder-20&linkCode=osi&th=1&psc=1">View Product</a></div>
<div class="product"><a href="https://www.amazon.com/dp/B07C3XZMC6?tag=eloabder-20&linkCode=osi&th=1&psc=1"><img src="https://m.media-amazon.com/images/I/31Eojf7glwL._SL500_.jpg" alt="Product Image"></a><p>JIKIOU 3 Pack Mouse Pad with Stitched Edge, Comfortable Mouse Pads with Non-Slip Rubber Base, Washable Mousepads Bulk with Comfortable Cloth, Mouse Pads for Computers Laptop Mouse 10.2x8.3inch Black</p><p> -29% 0FF </p><p>$7.99</p><a href="https://www.amazon.com/dp/B07C3XZMC6?tag=eloabder-20&linkCode=osi&th=1&psc=1">View Product</a></div><div class="product"><a href="https://www.amazon.com/dp/B085XRMSTT?tag=eloabder-20&linkCode=osi&th=1&psc=1"><img src="https://m.media-amazon.com/images/I/31aDSI0sFoL._SL500_.jpg" alt="Product Image"></a><p>EooCoo Ergonomic Mouse Pad with Wrist Support, Mousepad with Memory Foam Wrist Rest and Non-Slip Base for Computer, Cafe, Home & Office, 9.64 x 8.26 in Office Desk Accessories</p><p> -36% 0FF </p><p>$6.99</p><a href="https://www.amazon.com/dp/B085XRMSTT?tag=eloabder-20&linkCode=osi&th=1&psc=1">View Product</a></div>
<div class="product"><a href="https://www.amazon.com/dp/B0BRCJL4MM?tag=eloabder-20&linkCode=osi&th=1&psc=1"><img src="https://m.media-amazon.com/images/I/41sggzaNbPL._SL500_.jpg" alt="Product Image"></a><p>Led Desk Lamp for Office Home - Eye Caring Architect lamp with Clamp,Dual Screen Computer Monitor Gooseneck Smart Light: 24W 5 Color Flexible Adjustable Lighting Table Lamp for Study Drafting</p><p> -13% 0FF </p><p>$69.99</p><a href="https://www.amazon.com/dp/B0BRCJL4MM?tag=eloabder-20&linkCode=osi&th=1&psc=1">View Product</a></div><div class="product"><a href="https://www.amazon.com/dp/B0BNHNG5CY?tag=eloabder-20&linkCode=osi&th=1&psc=1"><img src="https://m.media-amazon.com/images/I/51ccmdZe2YL._SL500_.jpg" alt="Product Image"></a><p>Micomlan Led Desk Lamp with Clamp, Architect Desk Lamp for Home Office with Atmosphere Lighting, 24W Ultra Bright Auto Dimming Computer Light Stepless Dimming and Tempering LED Table Light</p><p> -27% 0FF </p><p>$49.99</p><a href="https://www.amazon.com/dp/B0BNHNG5CY?tag=eloabder-20&linkCode=osi&th=1&psc=1">View Product</a></div><div class="product"><a href="https://www.amazon.com/dp/B078W61H9P?tag=eloabder-20&linkCode=osi&th=1&psc=1"><img src="https://m.media-amazon.com/images/I/31aebwb3nqL._SL500_.jpg" alt="Product Image"></a><p>LEPOWER Metal Desk Lamp, Eye-Caring Table Lamp, Study Lamps with Flexible Goose Neck for Bedroom, Home Office (Matte Black)</p><p> -24% 0FF </p><p>$24.99</p><a href="https://www.amazon.com/dp/B078W61H9P?tag=eloabder-20&linkCode=osi&th=1&psc=1">View Product</a></div><div class="product"><a href="https://www.amazon.com/dp/B0D1DLY4H4?tag=eloabder-20&linkCode=osi&th=1&psc=1"><img src="https://m.media-amazon.com/images/I/41sKiuSIwRL._SL500_.jpg" alt="Product Image"></a><p>SKYLEO Led Desk Lamp - Desk Light for 31.5" Tall - 5 Color Modes X 11 Brightness Levels - Adjustable Swing Arm - Timmer & Memory Function - 12W Lamp for Desk - Black</p><p> -23% 0FF </p><p>$19.99</p><a href="https://www.amazon.com/dp/B0D1DLY4H4?tag=eloabder-20&linkCode=osi&th=1&psc=1">View Product</a></div><div class="product"><a href="https://www.amazon.com/dp/B0D2LGK82V?tag=eloabder-20&linkCode=osi&th=1&psc=1"><img src="https://m.media-amazon.com/images/I/41UpQ-qygDL._SL500_.jpg" alt="Product Image"></a><p>Addtam LED Desk Lamp, Power Strip with 3 Outlets 4 USB Charging Ports(2 USBC), 4 Modes 5 Level Brightness Touch Lamp, Small Desk Lamp for Home Office College Dorm Room Essentials</p><p> -23% 0FF </p><p>$16.99</p><a href="https://www.amazon.com/dp/B0D2LGK82V?tag=eloabder-20&linkCode=osi&th=1&psc=1">View Product</a></div><div class="product"><a href="https://www.amazon.com/dp/B08LMTQ7ZF?tag=eloabder-20&linkCode=osi&th=1&psc=1"><img src="https://m.media-amazon.com/images/I/21vKPX2KHML._SL500_.jpg" alt="Product Image"></a><p>Lepro LED Desk Lamp for Home Office, 9.5W 750LM Metal Touch Control Desk Light, 5 Color Modes 5 Brightness Level, Eye Caring Task Lamp For Reading, Sewing, Crafts, School Supplies, Puzzle Light, Black</p><p> -13% 0FF </p><p>$24.99</p><a href="https://www.amazon.com/dp/B08LMTQ7ZF?tag=eloabder-20&linkCode=osi&th=1&psc=1">View Product</a></div>
<div class="product"><a href="https://www.amazon.com/dp/B0D7BXNDP4?tag=eloabder-20&linkCode=osi&th=1&psc=1"><img src="https://m.media-amazon.com/images/I/41DuEunZ1+L._SL500_.jpg" alt="Product Image"></a><p>Monitor Fan with Clamp & Light Bar Desk Lamp with fan for Office mini Desk fan small quiet with lamp for PC Laptops Tablet for Home Office Portable Working Reading Stand Lamp</p><p> -5% 0FF </p><p>$15.19</p><a href="https://www.amazon.com/dp/B0D7BXNDP4?tag=eloabder-20&linkCode=osi&th=1&psc=1">View Product</a></div><div class="product"><a href="https://www.amazon.com/dp/B07K1D41DC?tag=eloabder-20&linkCode=osi&th=1&psc=1"><img src="https://m.media-amazon.com/images/I/310MAouNV-L._SL500_.jpg" alt="Product Image"></a><p>OttLite Cool Breeze LED Lamp with Bladeless Fan - 3 Speed Options & 5 Brightness Settings with Energy Efficient Natural Daylight LEDs - Desktop, Table or Nightstand Lamp for Studying or Reading</p><p> -14% 0FF </p><p>$89.98</p><a href="https://www.amazon.com/dp/B07K1D41DC?tag=eloabder-20&linkCode=osi&th=1&psc=1">View Product</a></div>
<div class="product"><a href="https://www.amazon.com/dp/B0CXSXL1F2?tag=eloabder-20&linkCode=osi&th=1&psc=1"><img src="https://m.media-amazon.com/images/I/41H6cndt7iL._SL500_.jpg" alt="Product Image"></a><p>9 Pack Lined Sticky Notes 4x6 in Post Sticky Notes with Lines, 9 Bright Colors Self Sticky Notes Pad Its, Large Ruled Sticky Note for Office, Home, 35 Sheets/Pad</p><p> -33% 0FF </p><p>$7.99</p><a href="https://www.amazon.com/dp/B0CXSXL1F2?tag=eloabder-20&linkCode=osi&th=1&psc=1">View Product</a></div><div class="product"><a href="https://www.amazon.com/dp/B019QROV9S?tag=eloabder-20&linkCode=osi&th=1&psc=1"><img src="https://m.media-amazon.com/images/I/51OsStyntzL._SL500_.jpg" alt="Product Image"></a><p>Sharpie Clear View Highlighter Sticks, Chisel Tip, Assorted Fluorescent, 8 Count - School, Home, and Office Use, Teacher Supplies</p><p> -23% 0FF </p><p>$13.86</p><a href="https://www.amazon.com/dp/B019QROV9S?tag=eloabder-20&linkCode=osi&th=1&psc=1">View Product</a></div>
<div class="product"><a href="https://www.amazon.com/dp/B082PN4X5J?tag=eloabder-20&linkCode=osi&th=1&psc=1"><img src="https://m.media-amazon.com/images/I/51o+eA8g6nL._SL500_.jpg" alt="Product Image"></a><p>Sharpie S-Gel Gel Pens, Black Barrel, Medium Point (0.7mm), Black Gel Ink Pens, 12 Count - Home, Office, School, Journaling, Writing, Note-Taking, Teacher Supplies</p><p> -14% 0FF </p><p>$11.97</p><a href="https://www.amazon.com/dp/B082PN4X5J?tag=eloabder-20&linkCode=osi&th=1&psc=1">View Product</a></div><div class="product"><a href="https://www.amazon.com/dp/B0C9W8DD9S?tag=eloabder-20&linkCode=osi&th=1&psc=1"><img src="https://m.media-amazon.com/images/I/41mdSvEwNZL._SL500_.jpg" alt="Product Image"></a><p>Ddaowanx Gel Pens, 6 Pcs 0.5mm Quick Dry Black Ink Pens Fine Point Smooth Writing Pens, Cute Office School Supplies Gifts for Women</p><p> -10% 0FF </p><p>$8.99</p><a href="https://www.amazon.com/dp/B0C9W8DD9S?tag=eloabder-20&linkCode=osi&th=1&psc=1">View Product</a></div><div class="product"><a href="https://www.amazon.com/dp/B019QBOG3U?tag=eloabder-20&linkCode=osi&th=1&psc=1"><img src="https://m.media-amazon.com/images/I/416PjSebDoL._SL500_.jpg" alt="Product Image"></a><p>Paper Mate Colorful Gel Pens - InkJoy Gel Pens Assorted Medium Point (0.7). Perfect for Vibrant Colored Writing and Sketching with Paper Mate InkJoy 14 Count</p><p> -18% 0FF </p><p>$10.31</p><a href="https://www.amazon.com/dp/B019QBOG3U?tag=eloabder-20&linkCode=osi&th=1&psc=1">View Product</a></div><div class="product"><a href="https://www.amazon.com/dp/B0C73JDN4S?tag=eloabder-20&linkCode=osi&th=1&psc=1"><img src="https://m.media-amazon.com/images/I/51DJUUxL7HL._SL500_.jpg" alt="Product Image"></a><p>Linbsunne Ballpoint Pens Black Medium Point 1mm Pen with Super Soft Grip Ball Point Pen for Men Women Retractable Pens (gold-12 pcs)</p><p> -10% 0FF </p><p>$8.99</p><a href="https://www.amazon.com/dp/B0C73JDN4S?tag=eloabder-20&linkCode=osi&th=1&psc=1">View Product</a></div><div class="product"><a href="https://www.amazon.com/dp/B001OTA66O?tag=eloabder-20&linkCode=osi&th=1&psc=1"><img src="https://m.media-amazon.com/images/I/41yS5tBZQLL._SL500_.jpg" alt="Product Image"></a><p>BIC Glide Black Retractable Ballpoint Pens, Medium Point (1.0mm), 4-Count Pack, Ultra Smooth Writing Black Pens</p><p> -40% 0FF </p><p>$2.99</p><a href="https://www.amazon.com/dp/B001OTA66O?tag=eloabder-20&linkCode=osi&th=1&psc=1">View Product</a></div>
<div class="product"><a href="https://www.amazon.com/dp/B002HVXXCW?tag=eloabder-20&linkCode=osi&th=1&psc=1"><img src="https://m.media-amazon.com/images/I/41JeEedXCeL._SL500_.jpg" alt="Product Image"></a><p>Ticonderoga Wood-Cased Pencils, Pre-Sharpened, 2 HB Soft, Yellow, 10 Count</p><p> -58% 0FF </p><p>$2.49</p><a href="https://www.amazon.com/dp/B002HVXXCW?tag=eloabder-20&linkCode=osi&th=1&psc=1">View Product</a></div><div class="product"><a href="https://www.amazon.com/dp/B077Q4B6YN?tag=eloabder-20&linkCode=osi&th=1&psc=1"><img src="https://m.media-amazon.com/images/I/4160YcHGDNL._SL500_.jpg" alt="Product Image"></a><p>Paper Mate 2017483 Mechanical Pencils for Handwriting, Triangular, 5/PK, AST</p><p> -45% 0FF </p><p>$3.47</p><a href="https://www.amazon.com/dp/B077Q4B6YN?tag=eloabder-20&linkCode=osi&th=1&psc=1">View Product</a></div>
<div class="product"><a href="https://www.amazon.com/dp/B0D7YTZNRF?tag=eloabder-20&linkCode=osi&th=1&psc=1"><img src="https://m.media-amazon.com/images/I/41hSbSlNAmL._SL500_.jpg" alt="Product Image"></a><p>YASNAY Alcohol Markers, 48 Colors Dual Tip Art Marker, Drawing Markers, Coloring Marker for Kids Sketching Adult Coloring</p><p> -27% 0FF </p><p>$10.99</p><a href="https://www.amazon.com/dp/B0D7YTZNRF?tag=eloabder-20&linkCode=osi&th=1&psc=1">View Product</a></div><div class="product"><a href="https://www.amazon.com/dp/B07CJ8QXF8?tag=eloabder-20&linkCode=osi&th=1&psc=1"><img src="https://m.media-amazon.com/images/I/51bChi4-H4L._SL500_.jpg" alt="Product Image"></a><p>Dual Markers Brush Pens, 36 Fine Point Art Marker, Double Tip Colored Pen for Adult Coloring Hand Lettering, School Classroom Art Suppliers</p><p> -20% 0FF </p><p>$7.98</p><a href="https://www.amazon.com/dp/B07CJ8QXF8?tag=eloabder-20&linkCode=osi&th=1&psc=1">View Product</a></div><div class="product"><a href="https://www.amazon.com/dp/B071CP6X88?tag=eloabder-20&linkCode=osi&th=1&psc=1"><img src="https://m.media-amazon.com/images/I/41sNeEYkTNL._SL500_.jpg" alt="Product Image"></a><p>Crayola Super Tips Marker Set for Kids (100ct), Broad Tip & Fine Point Washable Art Markers for Kids, Bulk School Supplies, Teacher Classroom Must Haves, Drawing Supplies</p><p> -19% 0FF </p><p>$16.29</p><a href="https://www.amazon.com/dp/B071CP6X88?tag=eloabder-20&linkCode=osi&th=1&psc=1">View Product</a></div><div class="product"><a href="https://www.amazon.com/dp/B08MBFPFCQ?tag=eloabder-20&linkCode=osi&th=1&psc=1"><img src="https://m.media-amazon.com/images/I/51DaGL7Z4oL._SL500_.jpg" alt="Product Image"></a><p>Sharpie Permanent Markers Variety Pack, Includes Chisel, Fine, and Ultra-Fine Tips, Marker Set, Writing, Coloring, Poster, Office, School Supplies, Black, 6 Count</p><p> -19% 0FF </p><p>$4.63 ($0.77 / Count)</p><a href="https://www.amazon.com/dp/B08MBFPFCQ?tag=eloabder-20&linkCode=osi&th=1&psc=1">View Product</a></div>
<div class="product"><a href="https://www.amazon.com/dp/B09Y2KJ2KX?tag=eloabder-20&linkCode=osi&th=1&psc=1"><img src="https://m.media-amazon.com/images/I/41EhQr7suML._SL500_.jpg" alt="Product Image"></a><p>Sharpie Pocket Highlighters, Mild Pastel Colors, Assorted, Chisel Tip, 12 Count - School, Home, and Office Use, Teacher Supplies</p><p> -22% 0FF </p><p>$7.76 ($0.65 / Count)</p><a href="https://www.amazon.com/dp/B09Y2KJ2KX?tag=eloabder-20&linkCode=osi&th=1&psc=1">View Product</a></div><div class="product"><a href="https://www.amazon.com/dp/B08698MJWT?tag=eloabder-20&linkCode=osi&th=1&psc=1"><img src="https://m.media-amazon.com/images/I/512N7aYt5oL._SL500_.jpg" alt="Product Image"></a><p>Sharpie S-Note Creative Markers, Pastel Highlighters, Art Marker Set, Assorted Colors, Chisel Tip, 24 Count - School, Home, and Office Use, Teacher Supplies</p><p> -60% 0FF </p><p>$8.83</p><a href="https://www.amazon.com/dp/B08698MJWT?tag=eloabder-20&linkCode=osi&th=1&psc=1">View Product</a></div>
<div class="product"><a href="https://www.amazon.com/dp/B097DPQPYN?tag=eloabder-20&linkCode=osi&th=1&psc=1"><img src="https://m.media-amazon.com/images/I/51nFyQPtfkL._SL500_.jpg" alt="Product Image"></a><p>Sonuimy Pencil Sharpeners, 4 Pcs Pencil Sharpeners Manual,Dual Holes Compact Colored Handheld Pencil Sharpener for Kids with Lid Adults Students School Class Home Office (Covered)</p><p> -13% 0FF </p><p>$4.49</p><a href="https://www.amazon.com/dp/B097DPQPYN?tag=eloabder-20&linkCode=osi&th=1&psc=1">View Product</a></div><div class="product"><a href="https://www.amazon.com/dp/B000MFN1G8?tag=eloabder-20&linkCode=osi&th=1&psc=1"><img src="https://m.media-amazon.com/images/I/41JPflroUEL._SL500_.jpg" alt="Product Image"></a><p>Compact Desktop Electric Pencil Sharpener, Black, Sold as 1 Each</p><p> -21% 0FF </p><p>$15.89</p><a href="https://www.amazon.com/dp/B000MFN1G8?tag=eloabder-20&linkCode=osi&th=1&psc=1">View Product</a></div><div class="product"><a href="https://www.amazon.com/dp/B00125KXGI?tag=eloabder-20&linkCode=osi&th=1&psc=1"><img src="https://m.media-amazon.com/images/I/51avY0bZv6L._SL500_.jpg" alt="Product Image"></a><p>Bostitch Office Personal Electric Pencil Sharpener, Powerful Stall-Free Motor, High Capacity Shavings Tray, Blue</p><p> -13% 0FF </p><p>$17.48</p><a href="https://www.amazon.com/dp/B00125KXGI?tag=eloabder-20&linkCode=osi&th=1&psc=1">View Product</a></div><div class="product"><a href="https://www.amazon.com/dp/B078DZY9Z5?tag=eloabder-20&linkCode=osi&th=1&psc=1"><img src="https://m.media-amazon.com/images/I/41KbUFGrXfL._SL500_.jpg" alt="Product Image"></a><p>JARLINK Electric Pencil Sharpener, Heavy-Duty Helical Blade to Fast Sharpen, Auto Stop for No.2/Colored Pencils(6-8mm), AC Adapter/Battery Operated in School Classroom/Office/Home (Black)</p><p> -21% 0FF </p><p>$16.98</p><a href="https://www.amazon.com/dp/B078DZY9Z5?tag=eloabder-20&linkCode=osi&th=1&psc=1">View Product</a></div><div class="product"><a href="https://www.amazon.com/dp/B08DLXH86D?tag=eloabder-20&linkCode=osi&th=1&psc=1"><img src="https://m.media-amazon.com/images/I/41UghsnBycL._SL500_.jpg" alt="Product Image"></a><p>Aogwat Pencil Sharpener Electric Pencil Sharpener for Kids, Blade to Fast Sharpen, Suitable for No.2/School/Classroom/Office/Home (Black)</p><p> -23% 0FF </p><p>$9.99</p><a href="https://www.amazon.com/dp/B08DLXH86D?tag=eloabder-20&linkCode=osi&th=1&psc=1">View Product</a></div><div class="product"><a href="https://www.amazon.com/dp/B000GP0VIU?tag=eloabder-20&linkCode=osi&th=1&psc=1"><img src="https://m.media-amazon.com/images/I/318OKKSwzbL._SL500_.jpg" alt="Product Image"></a><p>Bostitch Office Wall Mount Manual Pencil Sharpener, Tip Saver, 8 Hole Dial, 6X Longer Cutter Life, Vertical or Horizontal Mounting Black (MPS1-BLK)</p><p> -9% 0FF </p><p>$13.18</p><a href="https://www.amazon.com/dp/B000GP0VIU?tag=eloabder-20&linkCode=osi&th=1&psc=1">View Product</a></div>
<div class="product"><a href="https://www.amazon.com/dp/B00094H4LU?tag=eloabder-20&linkCode=osi&th=1&psc=1"><img src="https://m.media-amazon.com/images/I/41f-fbZYU1L._SL500_.jpg" alt="Product Image"></a><p>Paper Mate Erasers | Pink Pearl Large Erasers 12 Count</p><p> -55% 0FF </p><p>$6.03</p><a href="https://www.amazon.com/dp/B00094H4LU?tag=eloabder-20&linkCode=osi&th=1&psc=1">View Product</a></div><div class="product"><a href="https://www.amazon.com/dp/B07DPVVMWB?tag=eloabder-20&linkCode=osi&th=1&psc=1"><img src="https://m.media-amazon.com/images/I/51wLlsENgiL._SL500_.jpg" alt="Product Image"></a><p>Mr. Pen Erasers for Pencils, 120 Pack, Pencil Top Erasers, Eraser Caps, Cap Tops, Topper Erasers. Ereaser</p><p> -24% 0FF </p><p>$5.95</p><a href="https://www.amazon.com/dp/B07DPVVMWB?tag=eloabder-20&linkCode=osi&th=1&psc=1">View Product</a></div><div class="product"><a href="https://www.amazon.com/dp/B07144DC8V?tag=eloabder-20&linkCode=osi&th=1&psc=1"><img src="https://m.media-amazon.com/images/I/51Ed1+HW9cL._SL500_.jpg" alt="Product Image"></a><p>Pentel Hi-Polymer Block Eraser, White, 10/Box (ZEH10PC10)</p><p> -44% 0FF </p><p>$9.99</p><a href="https://www.amazon.com/dp/B07144DC8V?tag=eloabder-20&linkCode=osi&th=1&psc=1">View Product</a></div><div class="product"><a href="https://www.amazon.com/dp/B0047CT6SE?tag=eloabder-20&linkCode=osi&th=1&psc=1"><img src="https://m.media-amazon.com/images/I/41bhWXKeeiL._SL500_.jpg" alt="Product Image"></a><p>Pentel Clic Retractable Eraser with Grip, 3 Pack</p><p> -29% 0FF </p><p>$4.77</p><a href="https://www.amazon.com/dp/B0047CT6SE?tag=eloabder-20&linkCode=osi&th=1&psc=1">View Product</a></div>

<div class="product"><a href="https://www.amazon.com/dp/B0033J6V3A?tag=eloabder-20&linkCode=osi&th=1&psc=1"><img src="https://m.media-amazon.com/images/I/21o5ASbichL._SL500_.jpg" alt="Product Image"></a><p>NuSparc 2 Drawer Locking Filing Cabinet | Pre-Assembled Steel Construction | Space-Saving Design is Perfect for Home and Small Office | Letter-Size | Assembled in North America</p><p> -14% 0FF </p><p>$76.99</p><a href="https://www.amazon.com/dp/B0033J6V3A?tag=eloabder-20&linkCode=osi&th=1&psc=1">View Product</a></div><div class="product"><a href="https://www.amazon.com/dp/B0D9XYD75W?tag=eloabder-20&linkCode=osi&th=1&psc=1"><img src="https://m.media-amazon.com/images/I/31VM3xK++PL._SL500_.jpg" alt="Product Image"></a><p>BYNSOE 2 Drawer File Cabinet with Lock Vertical Filing Storage Cabinet Office Home Steel Vertical File Cabinets for Letter Size File Cabinet Locked,Assembly Required</p><p> -8% 0FF </p><p>$54.99</p><a href="https://www.amazon.com/dp/B0D9XYD75W?tag=eloabder-20&linkCode=osi&th=1&psc=1">View Product</a></div><div class="product"><a href="https://www.amazon.com/dp/B0989HLF81?tag=eloabder-20&linkCode=osi&th=1&psc=1"><img src="https://m.media-amazon.com/images/I/51vzgnkbcjL._SL500_.jpg" alt="Product Image"></a><p>DEVAISE 3 Drawer Mobile File Cabinet, Wood Lateral Filing Cabinet, Printer Stand with Open Shelves for Home Office, Rustic Brown</p><p> -21% 0FF </p><p>$74.99</p><a href="https://www.amazon.com/dp/B0989HLF81?tag=eloabder-20&linkCode=osi&th=1&psc=1">View Product</a></div>
<div class="product"><a href="https://www.amazon.com/dp/B00006RSQD?tag=eloabder-20&linkCode=osi&th=1&psc=1"><img src="https://m.media-amazon.com/images/I/315rez3KpeL._SL500_.jpg" alt="Product Image"></a><p>Bush Business Furniture Series C 36W Tall 5 Shelf Bookcase in Hansen Cherry, Large Storage and Display Bookshelf for Home or Professional Office</p><p> -8% 0FF </p><p>$239.49</p><a href="https://www.amazon.com/dp/B00006RSQD?tag=eloabder-20&linkCode=osi&th=1&psc=1">View Product</a></div>
<div class="product"><a href="https://www.amazon.com/dp/B09F6JPYSY?tag=eloabder-20&linkCode=osi&th=1&psc=1"><img src="https://m.media-amazon.com/images/I/51fGLH7lhHL._SL500_.jpg" alt="Product Image"></a><p>SPACELEAD Slim Storage Cart 3 Tier,Bathroom Organizer Rolling Utility,Mobile Shelving Unit Slide Out for Office, Kitchen, Laundry Room & Narrow Places,Black</p><p> -30% 0FF </p><p>$20.99</p><a href="https://www.amazon.com/dp/B09F6JPYSY?tag=eloabder-20&linkCode=osi&th=1&psc=1">View Product</a></div><div class="product"><a href="https://www.amazon.com/dp/B08KFTVGQY?tag=eloabder-20&linkCode=osi&th=1&psc=1"><img src="https://m.media-amazon.com/images/I/51BjUEmGaiL._SL500_.jpg" alt="Product Image"></a><p>SONGMICS Cube Storage Organizer, Set of 16 Plastic Cubes, Closet Organizers and Storage, Room Organization, Bedroom Living Room, 12.2 x 48.4 x 48.4 Inches, Rustic Brown ULPC442A01</p><p> -15% 0FF </p><p>$46.99</p><a href="https://www.amazon.com/dp/B08KFTVGQY?tag=eloabder-20&linkCode=osi&th=1&psc=1">View Product</a></div><div class="product"><a href="https://www.amazon.com/dp/B0DG359YX5?tag=eloabder-20&linkCode=osi&th=1&psc=1"><img src="https://m.media-amazon.com/images/I/41OBXL4HJdL._SL500_.jpg" alt="Product Image"></a><p>VIVO Clamp-on 13 inch Above or Below Desk 2-Tier Shelving Unit for Table Accessories, Gaming Devices, and More, Storage Tray, Desktop Organizer, Rustic Vintage Brown, STAND-SHELF2C-N</p><p> -20% 0FF </p><p>$39.99</p><a href="https://www.amazon.com/dp/B0DG359YX5?tag=eloabder-20&linkCode=osi&th=1&psc=1">View Product</a></div><div class="product"><a href="https://www.amazon.com/dp/B0D7S5GGP6?tag=eloabder-20&linkCode=osi&th=1&psc=1"><img src="https://m.media-amazon.com/images/I/51EriWG2BLL._SL500_.jpg" alt="Product Image"></a><p>C&AHOME Wire Cube Storage, 9 - Cube Organizer Metal C Grids, Modular Shelves Units, Closet Organizer, Ideal for Home, Office, Living Room, 36.6”L x 12.4”W x 48.4”H, Silver Gray UWCS3009G</p><p> -33% 0FF </p><p>$28.87</p><a href="https://www.amazon.com/dp/B0D7S5GGP6?tag=eloabder-20&linkCode=osi&th=1&psc=1">View Product</a></div>
<div class="product"><a href="https://www.amazon.com/dp/B0B1M6ML2J?tag=eloabder-20&linkCode=osi&th=1&psc=1"><img src="https://m.media-amazon.com/images/I/51pX2Qo38JL._SL500_.jpg" alt="Product Image"></a><p>WOWBOX 25 PCS Clear Plastic Drawer Organizer Set, 4 Sizes Desk Drawer Divider Organizers and Storage Bins for Makeup, Jewelry, Gadgets for Kitchen, Bedroom, Bathroom, Office</p><p> -35% 0FF </p><p>$16.13 ($0.65 / Count)</p><a href="https://www.amazon.com/dp/B0B1M6ML2J?tag=eloabder-20&linkCode=osi&th=1&psc=1">View Product</a></div><div class="product"><a href="https://www.amazon.com/dp/B0DB8F7GDN?tag=eloabder-20&linkCode=osi&th=1&psc=1"><img src="https://m.media-amazon.com/images/I/51iOtKHzvCL._SL500_.jpg" alt="Product Image"></a><p>OPNICE Desk Organizer and Accessories, 2-Tier Computer Monitor Stand Riser with Drawer and 2 Pen Holders, Laptop Stand, Office Desk Accessories for Office Supplies, Black</p><p> -27% 0FF </p><p>$21.99</p><a href="https://www.amazon.com/dp/B0DB8F7GDN?tag=eloabder-20&linkCode=osi&th=1&psc=1">View Product</a></div><div class="product"><a href="https://www.amazon.com/dp/B0FQ86P4M3?tag=eloabder-20&linkCode=osi&th=1&psc=1"><img src="https://m.media-amazon.com/images/I/41ZDdyGnPxL._SL500_.jpg" alt="Product Image"></a><p>Mind Reader 2-Tier Desk Organizer with Clamp, Accessory Shelf for Office or Gaming, Office, Metal, White</p><p> -5% 0FF </p><p>$37.99</p><a href="https://www.amazon.com/dp/B0FQ86P4M3?tag=eloabder-20&linkCode=osi&th=1&psc=1">View Product</a></div><div class="product"><a href="https://www.amazon.com/dp/B0BYDGF8DT?tag=eloabder-20&linkCode=osi&th=1&psc=1"><img src="https://m.media-amazon.com/images/I/51sE2GzgVNL._SL500_.jpg" alt="Product Image"></a><p>OPNICE Desk Organizer and Accessories, 4-Tier Desktop File Organizer with Drawer and 2 Pen Holders, Office Desk Accessories, Workspace Organizers for Office Supplies(Black)</p><p> -33% 0FF </p><p>$19.99</p><a href="https://www.amazon.com/dp/B0BYDGF8DT?tag=eloabder-20&linkCode=osi&th=1&psc=1">View Product</a></div><div class="product"><a href="https://www.amazon.com/dp/B0DJKSMV2T?tag=eloabder-20&linkCode=osi&th=1&psc=1"><img src="https://m.media-amazon.com/images/I/41gO3CCIg1L._SL500_.jpg" alt="Product Image"></a><p>gianotter Dual Monitor Stand Riser, Desk Organizer With Drawer and 2 Pen Holders, Computer Monitor Stand, Shelf for Top of Desk, Black</p><p> -28% 0FF </p><p>$25.99</p><a href="https://www.amazon.com/dp/B0DJKSMV2T?tag=eloabder-20&linkCode=osi&th=1&psc=1">View Product</a></div><div class="product"><a href="https://www.amazon.com/dp/B0BWTT3WK1?tag=eloabder-20&linkCode=osi&th=1&psc=1"><img src="https://m.media-amazon.com/images/I/51JTe2SjicL._SL500_.jpg" alt="Product Image"></a><p>gianotter Desk Organizers and Accessories with File Holder, 4-Tier Desk Accessories & Workspace Organizers with Drawer and 2 Pen Holder, Paper Organizer for Office Supplies (Rose Gold)</p><p> -27% 0FF </p><p>$23.99</p><a href="https://www.amazon.com/dp/B0BWTT3WK1?tag=eloabder-20&linkCode=osi&th=1&psc=1">View Product</a></div><div class="product"><a href="https://www.amazon.com/dp/B09QKDY1YY?tag=eloabder-20&linkCode=osi&th=1&psc=1"><img src="https://m.media-amazon.com/images/I/519UVM73B6L._SL500_.jpg" alt="Product Image"></a><p>Supeasy 5 Trays Paper Organizer Letter Tray with Handle-Mesh Desk File Organizer, Paper Sorter Desk Organizer for Office, Home or School</p><p> -17% 0FF </p><p>$19.99</p><a href="https://www.amazon.com/dp/B09QKDY1YY?tag=eloabder-20&linkCode=osi&th=1&psc=1">View Product</a></div><div class="product"><a href="https://www.amazon.com/dp/B08PBFKGJG?tag=eloabder-20&linkCode=osi&th=1&psc=1"><img src="https://m.media-amazon.com/images/I/61WfW0WLsqL._SL500_.jpg" alt="Product Image"></a><p>Marbrasse 6 Tier Paper Organizer Letter Tray - Mesh Desk File Organizer with Handle, Paper Sorter Organizer for Letter/A4 Office File Folder Holder - Black</p><p> -23% 0FF </p><p>$19.98</p><a href="https://www.amazon.com/dp/B08PBFKGJG?tag=eloabder-20&linkCode=osi&th=1&psc=1">View Product</a></div><div class="product"><a href="https://www.amazon.com/dp/B09K5927B5?tag=eloabder-20&linkCode=osi&th=1&psc=1"><img src="https://m.media-amazon.com/images/I/51u5tZ4jR6L._SL500_.jpg" alt="Product Image"></a><p>Marbrasse Desk Organizer with File Holder, 5-Tier Paper Letter Tray Organizer with Drawer and 2 Pen Holder, Mesh Desktop Organizer and Storage with Magazine Holder for Office Supplies(Black)</p><p> -24% 0FF </p><p>$33.99</p><a href="https://www.amazon.com/dp/B09K5927B5?tag=eloabder-20&linkCode=osi&th=1&psc=1">View Product</a></div>
<div class="product"><a href="https://www.amazon.com/dp/B0CNXF7SVS?tag=eloabder-20&linkCode=osi&th=1&psc=1"><img src="https://m.media-amazon.com/images/I/51a6EswyTZL._SL500_.jpg" alt="Product Image"></a><p>Manalete Drawer Organizers Set of 15, 4 Sizes Clear Plastic Drawer Organizers and Storage Bins for Kitchen, Bathroom, Office, Dresser Desk Drawer Organizer Tray for Jewelry, Makeup, Junk, Gadgets</p><p> -29% 0FF </p><p>$9.99</p><a href="https://www.amazon.com/dp/B0CNXF7SVS?tag=eloabder-20&linkCode=osi&th=1&psc=1">View Product</a></div><div class="product"><a href="https://www.amazon.com/dp/B0CCY5X6SS?tag=eloabder-20&linkCode=osi&th=1&psc=1"><img src="https://m.media-amazon.com/images/I/41Iye-vPXJL._SL500_.jpg" alt="Product Image"></a><p>Bamboo Drawer Organizer Set, 5 PCS Multi-Use Individual Wood Storage Organizers, Junk Drawer Divider and Storage Trays Containers for Kitchen, Bathroom, Office Desk, Makeup, Jewelry, Utensils</p><p> -20% 0FF </p><p>$19.99 ($4.00 / Count)</p><a href="https://www.amazon.com/dp/B0CCY5X6SS?tag=eloabder-20&linkCode=osi&th=1&psc=1">View Product</a></div><div class="product"><a href="https://www.amazon.com/dp/B0CCDJQ7MM?tag=eloabder-20&linkCode=osi&th=1&psc=1"><img src="https://m.media-amazon.com/images/I/51kU0WJxdsL._SL500_.jpg" alt="Product Image"></a><p>Marbrasse Expandable Desk Drawer Organizer, Mesh Drawer Organizer Tray with 10 Adjustable Compartments, Desk Organizers and Accessories, 5 Dividers Drawer for Office Supplies, Makeup & Vanity (Black)</p><p> -15% 0FF </p><p>$17.84</p><a href="https://www.amazon.com/dp/B0CCDJQ7MM?tag=eloabder-20&linkCode=osi&th=1&psc=1">View Product</a></div><div class="product"><a href="https://www.amazon.com/dp/B0DM27MBZN?tag=eloabder-20&linkCode=osi&th=1&psc=1"><img src="https://m.media-amazon.com/images/I/41hAfSMnrZL._SL500_.jpg" alt="Product Image"></a><p>ElegantArray 12 PCS Drawer Organizer Set, 4 Sizes Storage Drawer Units, Clear Plastic Makeup Vanity Organizer and Storage Bins for Makeup, Stationeries, Multiple Gadgets for Bathroom, Office, Bedroom</p><p> -31% 0FF </p><p>$8.99</p><a href="https://www.amazon.com/dp/B0DM27MBZN?tag=eloabder-20&linkCode=osi&th=1&psc=1">View Product</a></div>
<div class="product"><a href="https://www.amazon.com/dp/B0C4T42TPC?tag=eloabder-20&linkCode=osi&th=1&psc=1"><img src="https://m.media-amazon.com/images/I/318IsyAsPXL._SL500_.jpg" alt="Product Image"></a><p>Adjustable Mobile CPU Stand, Ventilated Computer Tower Stand with 4 Caster Wheels Fits Most PC Tower, Under Desk CPU Holder PC Floor Cart Computer Riser for Gamers and Students (Black)</p><p> -21% 0FF </p><p>$14.21</p><a href="https://www.amazon.com/dp/B0C4T42TPC?tag=eloabder-20&linkCode=osi&th=1&psc=1">View Product</a></div><div class="product"><a href="https://www.amazon.com/dp/B094QTGHNZ?tag=eloabder-20&linkCode=osi&th=1&psc=1"><img src="https://m.media-amazon.com/images/I/31VzBQ+jwWL._SL500_.jpg" alt="Product Image"></a><p>WALI Computer Monitor Stand for Desk, Adjustable Laptop Riser, Desk Monitor Stand Underneath Storage for Office, Home, School Supplies (STT003), 1 Pack, Black</p><p> -32% 0FF </p><p>$16.99</p><a href="https://www.amazon.com/dp/B094QTGHNZ?tag=eloabder-20&linkCode=osi&th=1&psc=1">View Product</a></div><div class="product"><a href="https://www.amazon.com/dp/B07H4DMLVH?tag=eloabder-20&linkCode=osi&th=1&psc=1"><img src="https://m.media-amazon.com/images/I/31eTfKhpSWL._SL500_.jpg" alt="Product Image"></a><p>HUANUO Monitor Stand, Monitor Stand Riser 3 Height Adjustable, Monitor Riser with Airflow Vents, Laptop Stand for Desk, Laptop Riser, Desk Organizer for Monitor, 15.6" Laptop, PC, Printer</p><p> -11% 0FF </p><p>$15.19</p><a href="https://www.amazon.com/dp/B07H4DMLVH?tag=eloabder-20&linkCode=osi&th=1&psc=1">View Product</a></div><div class="product"><a href="https://www.amazon.com/dp/B0D69W6H91?tag=eloabder-20&linkCode=osi&th=1&psc=1"><img src="https://m.media-amazon.com/images/I/51rQI+gi3lL._SL500_.jpg" alt="Product Image"></a><p>JANE EYRE Computer Tower Stand - Adjustable PC Tower Stand CPU Holder Cart with Charging Station for Office Home Classroom,23.03"-28.3" H, black</p><p> -10% 0FF </p><p>$53.99</p><a href="https://www.amazon.com/dp/B0D69W6H91?tag=eloabder-20&linkCode=osi&th=1&psc=1">View Product</a></div><div class="product"><a href="https://www.amazon.com/dp/B0C4T34L9Y?tag=eloabder-20&linkCode=osi&th=1&psc=1"><img src="https://m.media-amazon.com/images/I/51BNMGXNOEL._SL500_.jpg" alt="Product Image"></a><p>BONTEC Wooden Monitor Stand Riser, 2-Tier Desk Shelf with Storage Organizer, Ergonomic Computer Stand with Cable Management, Cellphone Holder, White, 16.5 Inch</p><p> -33% 0FF </p><p>$18.04</p><a href="https://www.amazon.com/dp/B0C4T34L9Y?tag=eloabder-20&linkCode=osi&th=1&psc=1">View Product</a></div><div class="product"><a href="https://www.amazon.com/dp/B08BRCT4JH?tag=eloabder-20&linkCode=osi&th=1&psc=1"><img src="https://m.media-amazon.com/images/I/41Ga6A+cXbL._SL500_.jpg" alt="Product Image"></a><p>BESIGN LS03 Aluminum Laptop Stand, Ergonomic Detachable Computer Stand, Notebook Riser Compatible with Air, Pro, Dell, HP, Lenovo More 10-15.6" Laptops, Silver</p><p> -25% 0FF </p><p>$14.98</p><a href="https://www.amazon.com/dp/B08BRCT4JH?tag=eloabder-20&linkCode=osi&th=1&psc=1">View Product</a></div>
<div class="product"><a href="https://www.amazon.com/dp/B07Q79ZZJ6?tag=eloabder-20&linkCode=osi&th=1&psc=1"><img src="https://m.media-amazon.com/images/I/31-LBzENQIL._SL500_.jpg" alt="Product Image"></a><p>Single LCD Computer Monitor Free-Standing Desk Stand Mount Riser for 13 inch to 32 inch screen with Swivel, Height Adjustable, Rotation, Vesa Base Stand Holds One (1) Screen up to 77Lbs(HT05B-001))</p><p> -34% 0FF </p><p>$21.99</p><a href="https://www.amazon.com/dp/B07Q79ZZJ6?tag=eloabder-20&linkCode=osi&th=1&psc=1">View Product</a></div><div class="product"><a href="https://www.amazon.com/dp/B082845XM8?tag=eloabder-20&linkCode=osi&th=1&psc=1"><img src="https://m.media-amazon.com/images/I/41uRH1B7HgL._SL500_.jpg" alt="Product Image"></a><p>Dual Monitor Stand - Vertical Stack Screen Free-Standing Monitor Riser Fits Two 13 to 34 Inch Screen with Swivel, Tilt, Height Adjustable, Holds One (1) Screen Up to 44Lbs</p><p> -5% 0FF </p><p>$31.56</p><a href="https://www.amazon.com/dp/B082845XM8?tag=eloabder-20&linkCode=osi&th=1&psc=1">View Product</a></div><div class="product"><a href="https://www.amazon.com/dp/B00X4SCCFG?tag=eloabder-20&linkCode=osi&th=1&psc=1"><img src="https://m.media-amazon.com/images/I/21X2klzUZGL._SL500_.jpg" alt="Product Image"></a><p>Amazon Basics Height Adjustable Rectangular Computer Monitor Riser Desk Stand with Storage for Reduced Neck Strain - Fits Monitors, Laptops Up to 22lbs, Black</p><p> -35% 0FF </p><p>$14.06</p><a href="https://www.amazon.com/dp/B00X4SCCFG?tag=eloabder-20&linkCode=osi&th=1&psc=1">View Product</a></div>
<div class="product"><a href="https://www.amazon.com/dp/B07HFDJCSL?tag=eloabder-20&linkCode=osi&th=1&psc=1"><img src="https://m.media-amazon.com/images/I/41DR7qY1naL._SL500_.jpg" alt="Product Image"></a><p>VIVO Large Keyboard Tray Under Desk Pull Out with Extra Sturdy C Clamp Mount System, 27 (33 Including Clamps) x 11 Inch Slide-Out Platform Computer Drawer for Typing, Black, MOUNT-KB05E</p><p> -17% 0FF </p><p>$49.99</p><a href="https://www.amazon.com/dp/B07HFDJCSL?tag=eloabder-20&linkCode=osi&th=1&psc=1">View Product</a></div><div class="product"><a href="https://www.amazon.com/dp/B082NKBM62?tag=eloabder-20&linkCode=osi&th=1&psc=1"><img src="https://m.media-amazon.com/images/I/41qQ3p9-mrL._SL500_.jpg" alt="Product Image"></a><p>HUANUO Keyboard Tray Under Desk, 360 Adjustable Ergonomic Sliding Keyboard & Mouse Tray, Under Desk Keyboard Tray Slide Out, Keyboard Holder Under Desk for Typing in Home, Office Work, 25"W x 9.84"D</p><p> -33% 0FF </p><p>$59.98</p><a href="https://www.amazon.com/dp/B082NKBM62?tag=eloabder-20&linkCode=osi&th=1&psc=1">View Product</a></div><div class="product"><a href="https://www.amazon.com/dp/B0F23GTKHL?tag=eloabder-20&linkCode=osi&th=1&psc=1"><img src="https://m.media-amazon.com/images/I/41dmHoeznDL._SL500_.jpg" alt="Product Image"></a><p>Zontera Ergonomic Mouse & Keyboard Tray Under Desk, Pull Out with Adjustable C-clamp, 20 (25.9 Including Clamps) x 11.8 Inch Slide Out Computer Keyboard Drawer Mouse Tray for Typing, Black</p><p> -7% 0FF </p><p>$25.99</p><a href="https://www.amazon.com/dp/B0F23GTKHL?tag=eloabder-20&linkCode=osi&th=1&psc=1">View Product</a></div><div class="product"><a href="https://www.amazon.com/dp/B01IIGMBVI?tag=eloabder-20&linkCode=osi&th=1&psc=1"><img src="https://m.media-amazon.com/images/I/21Vw8003F0L._SL500_.jpg" alt="Product Image"></a><p>Alera ALE Valencia Series Underdesk Keyboard/Mouse Shelf, 28w x 12d, Black</p><p> -50% 0FF </p><p>$29.22</p><a href="https://www.amazon.com/dp/B01IIGMBVI?tag=eloabder-20&linkCode=osi&th=1&psc=1">View Product</a></div>
<div class="product"><a href="https://www.amazon.com/dp/B07C3XZMC6?tag=eloabder-20&linkCode=osi&th=1&psc=1"><img src="https://m.media-amazon.com/images/I/31Eojf7glwL._SL500_.jpg" alt="Product Image"></a><p>JIKIOU 3 Pack Mouse Pad with Stitched Edge, Comfortable Mouse Pads with Non-Slip Rubber Base, Washable Mousepads Bulk with Comfortable Cloth, Mouse Pads for Computers Laptop Mouse 10.2x8.3inch Black</p><p> -29% 0FF </p><p>$7.99</p><a href="https://www.amazon.com/dp/B07C3XZMC6?tag=eloabder-20&linkCode=osi&th=1&psc=1">View Product</a></div><div class="product"><a href="https://www.amazon.com/dp/B085XRMSTT?tag=eloabder-20&linkCode=osi&th=1&psc=1"><img src="https://m.media-amazon.com/images/I/31aDSI0sFoL._SL500_.jpg" alt="Product Image"></a><p>EooCoo Ergonomic Mouse Pad with Wrist Support, Mousepad with Memory Foam Wrist Rest and Non-Slip Base for Computer, Cafe, Home & Office, 9.64 x 8.26 in Office Desk Accessories</p><p> -36% 0FF </p><p>$6.99</p><a href="https://www.amazon.com/dp/B085XRMSTT?tag=eloabder-20&linkCode=osi&th=1&psc=1">View Product</a></div>
<div class="product"><a href="https://www.amazon.com/dp/B0BRCJL4MM?tag=eloabder-20&linkCode=osi&th=1&psc=1"><img src="https://m.media-amazon.com/images/I/41sggzaNbPL._SL500_.jpg" alt="Product Image"></a><p>Led Desk Lamp for Office Home - Eye Caring Architect lamp with Clamp,Dual Screen Computer Monitor Gooseneck Smart Light: 24W 5 Color Flexible Adjustable Lighting Table Lamp for Study Drafting</p><p> -13% 0FF </p><p>$69.99</p><a href="https://www.amazon.com/dp/B0BRCJL4MM?tag=eloabder-20&linkCode=osi&th=1&psc=1">View Product</a></div><div class="product"><a href="https://www.amazon.com/dp/B0BNHNG5CY?tag=eloabder-20&linkCode=osi&th=1&psc=1"><img src="https://m.media-amazon.com/images/I/51ccmdZe2YL._SL500_.jpg" alt="Product Image"></a><p>Micomlan Led Desk Lamp with Clamp, Architect Desk Lamp for Home Office with Atmosphere Lighting, 24W Ultra Bright Auto Dimming Computer Light Stepless Dimming and Tempering LED Table Light</p><p> -27% 0FF </p><p>$49.99</p><a href="https://www.amazon.com/dp/B0BNHNG5CY?tag=eloabder-20&linkCode=osi&th=1&psc=1">View Product</a></div><div class="product"><a href="https://www.amazon.com/dp/B078W61H9P?tag=eloabder-20&linkCode=osi&th=1&psc=1"><img src="https://m.media-amazon.com/images/I/31aebwb3nqL._SL500_.jpg" alt="Product Image"></a><p>LEPOWER Metal Desk Lamp, Eye-Caring Table Lamp, Study Lamps with Flexible Goose Neck for Bedroom, Home Office (Matte Black)</p><p> -24% 0FF </p><p>$24.99</p><a href="https://www.amazon.com/dp/B078W61H9P?tag=eloabder-20&linkCode=osi&th=1&psc=1">View Product</a></div><div class="product"><a href="https://www.amazon.com/dp/B0D1DLY4H4?tag=eloabder-20&linkCode=osi&th=1&psc=1"><img src="https://m.media-amazon.com/images/I/41sKiuSIwRL._SL500_.jpg" alt="Product Image"></a><p>SKYLEO Led Desk Lamp - Desk Light for 31.5" Tall - 5 Color Modes X 11 Brightness Levels - Adjustable Swing Arm - Timmer & Memory Function - 12W Lamp for Desk - Black</p><p> -23% 0FF </p><p>$19.99</p><a href="https://www.amazon.com/dp/B0D1DLY4H4?tag=eloabder-20&linkCode=osi&th=1&psc=1">View Product</a></div><div class="product"><a href="https://www.amazon.com/dp/B0D2LGK82V?tag=eloabder-20&linkCode=osi&th=1&psc=1"><img src="https://m.media-amazon.com/images/I/41UpQ-qygDL._SL500_.jpg" alt="Product Image"></a><p>Addtam LED Desk Lamp, Power Strip with 3 Outlets 4 USB Charging Ports(2 USBC), 4 Modes 5 Level Brightness Touch Lamp, Small Desk Lamp for Home Office College Dorm Room Essentials</p><p> -23% 0FF </p><p>$16.99</p><a href="https://www.amazon.com/dp/B0D2LGK82V?tag=eloabder-20&linkCode=osi&th=1&psc=1">View Product</a></div><div class="product"><a href="https://www.amazon.com/dp/B08LMTQ7ZF?tag=eloabder-20&linkCode=osi&th=1&psc=1"><img src="https://m.media-amazon.com/images/I/21vKPX2KHML._SL500_.jpg" alt="Product Image"></a><p>Lepro LED Desk Lamp for Home Office, 9.5W 750LM Metal Touch Control Desk Light, 5 Color Modes 5 Brightness Level, Eye Caring Task Lamp For Reading, Sewing, Crafts, School Supplies, Puzzle Light, Black</p><p> -13% 0FF </p><p>$24.99</p><a href="https://www.amazon.com/dp/B08LMTQ7ZF?tag=eloabder-20&linkCode=osi&th=1&psc=1">View Product</a></div>
<div class="product"><a href="https://www.amazon.com/dp/B0D7BXNDP4?tag=eloabder-20&linkCode=osi&th=1&psc=1"><img src="https://m.media-amazon.com/images/I/41DuEunZ1+L._SL500_.jpg" alt="Product Image"></a><p>Monitor Fan with Clamp & Light Bar Desk Lamp with fan for Office mini Desk fan small quiet with lamp for PC Laptops Tablet for Home Office Portable Working Reading Stand Lamp</p><p> -5% 0FF </p><p>$15.19</p><a href="https://www.amazon.com/dp/B0D7BXNDP4?tag=eloabder-20&linkCode=osi&th=1&psc=1">View Product</a></div><div class="product"><a href="https://www.amazon.com/dp/B07K1D41DC?tag=eloabder-20&linkCode=osi&th=1&psc=1"><img src="https://m.media-amazon.com/images/I/310MAouNV-L._SL500_.jpg" alt="Product Image"></a><p>OttLite Cool Breeze LED Lamp with Bladeless Fan - 3 Speed Options & 5 Brightness Settings with Energy Efficient Natural Daylight LEDs - Desktop, Table or Nightstand Lamp for Studying or Reading</p><p> -14% 0FF </p><p>$89.98</p><a href="https://www.amazon.com/dp/B07K1D41DC?tag=eloabder-20&linkCode=osi&th=1&psc=1">View Product</a></div>
<div class="product"><a href="https://www.amazon.com/dp/B0CXSXL1F2?tag=eloabder-20&linkCode=osi&th=1&psc=1"><img src="https://m.media-amazon.com/images/I/41H6cndt7iL._SL500_.jpg" alt="Product Image"></a><p>9 Pack Lined Sticky Notes 4x6 in Post Sticky Notes with Lines, 9 Bright Colors Self Sticky Notes Pad Its, Large Ruled Sticky Note for Office, Home, 35 Sheets/Pad</p><p> -33% 0FF </p><p>$7.99</p><a href="https://www.amazon.com/dp/B0CXSXL1F2?tag=eloabder-20&linkCode=osi&th=1&psc=1">View Product</a></div><div class="product"><a href="https://www.amazon.com/dp/B019QROV9S?tag=eloabder-20&linkCode=osi&th=1&psc=1"><img src="https://m.media-amazon.com/images/I/51OsStyntzL._SL500_.jpg" alt="Product Image"></a><p>Sharpie Clear View Highlighter Sticks, Chisel Tip, Assorted Fluorescent, 8 Count - School, Home, and Office Use, Teacher Supplies</p><p> -23% 0FF </p><p>$13.86</p><a href="https://www.amazon.com/dp/B019QROV9S?tag=eloabder-20&linkCode=osi&th=1&psc=1">View Product</a></div>
<div class="product"><a href="https://www.amazon.com/dp/B082PN4X5J?tag=eloabder-20&linkCode=osi&th=1&psc=1"><img src="https://m.media-amazon.com/images/I/51o+eA8g6nL._SL500_.jpg" alt="Product Image"></a><p>Sharpie S-Gel Gel Pens, Black Barrel, Medium Point (0.7mm), Black Gel Ink Pens, 12 Count - Home, Office, School, Journaling, Writing, Note-Taking, Teacher Supplies</p><p> -14% 0FF </p><p>$11.97</p><a href="https://www.amazon.com/dp/B082PN4X5J?tag=eloabder-20&linkCode=osi&th=1&psc=1">View Product</a></div><div class="product"><a href="https://www.amazon.com/dp/B0C9W8DD9S?tag=eloabder-20&linkCode=osi&th=1&psc=1"><img src="https://m.media-amazon.com/images/I/41mdSvEwNZL._SL500_.jpg" alt="Product Image"></a><p>Ddaowanx Gel Pens, 6 Pcs 0.5mm Quick Dry Black Ink Pens Fine Point Smooth Writing Pens, Cute Office School Supplies Gifts for Women</p><p> -10% 0FF </p><p>$8.99</p><a href="https://www.amazon.com/dp/B0C9W8DD9S?tag=eloabder-20&linkCode=osi&th=1&psc=1">View Product</a></div><div class="product"><a href="https://www.amazon.com/dp/B019QBOG3U?tag=eloabder-20&linkCode=osi&th=1&psc=1"><img src="https://m.media-amazon.com/images/I/416PjSebDoL._SL500_.jpg" alt="Product Image"></a><p>Paper Mate Colorful Gel Pens - InkJoy Gel Pens Assorted Medium Point (0.7). Perfect for Vibrant Colored Writing and Sketching with Paper Mate InkJoy 14 Count</p><p> -18% 0FF </p><p>$10.31</p><a href="https://www.amazon.com/dp/B019QBOG3U?tag=eloabder-20&linkCode=osi&th=1&psc=1">View Product</a></div><div class="product"><a href="https://www.amazon.com/dp/B0C73JDN4S?tag=eloabder-20&linkCode=osi&th=1&psc=1"><img src="https://m.media-amazon.com/images/I/51DJUUxL7HL._SL500_.jpg" alt="Product Image"></a><p>Linbsunne Ballpoint Pens Black Medium Point 1mm Pen with Super Soft Grip Ball Point Pen for Men Women Retractable Pens (gold-12 pcs)</p><p> -10% 0FF </p><p>$8.99</p><a href="https://www.amazon.com/dp/B0C73JDN4S?tag=eloabder-20&linkCode=osi&th=1&psc=1">View Product</a></div><div class="product"><a href="https://www.amazon.com/dp/B001OTA66O?tag=eloabder-20&linkCode=osi&th=1&psc=1"><img src="https://m.media-amazon.com/images/I/41yS5tBZQLL._SL500_.jpg" alt="Product Image"></a><p>BIC Glide Black Retractable Ballpoint Pens, Medium Point (1.0mm), 4-Count Pack, Ultra Smooth Writing Black Pens</p><p> -40% 0FF </p><p>$2.99</p><a href="https://www.amazon.com/dp/B001OTA66O?tag=eloabder-20&linkCode=osi&th=1&psc=1">View Product</a></div>
<div class="product"><a href="https://www.amazon.com/dp/B002HVXXCW?tag=eloabder-20&linkCode=osi&th=1&psc=1"><img src="https://m.media-amazon.com/images/I/41JeEedXCeL._SL500_.jpg" alt="Product Image"></a><p>Ticonderoga Wood-Cased Pencils, Pre-Sharpened, 2 HB Soft, Yellow, 10 Count</p><p> -58% 0FF </p><p>$2.49</p><a href="https://www.amazon.com/dp/B002HVXXCW?tag=eloabder-20&linkCode=osi&th=1&psc=1">View Product</a></div><div class="product"><a href="https://www.amazon.com/dp/B077Q4B6YN?tag=eloabder-20&linkCode=osi&th=1&psc=1"><img src="https://m.media-amazon.com/images/I/4160YcHGDNL._SL500_.jpg" alt="Product Image"></a><p>Paper Mate 2017483 Mechanical Pencils for Handwriting, Triangular, 5/PK, AST</p><p> -45% 0FF </p><p>$3.47</p><a href="https://www.amazon.com/dp/B077Q4B6YN?tag=eloabder-20&linkCode=osi&th=1&psc=1">View Product</a></div>
<div class="product"><a href="https://www.amazon.com/dp/B0D7YTZNRF?tag=eloabder-20&linkCode=osi&th=1&psc=1"><img src="https://m.media-amazon.com/images/I/41hSbSlNAmL._SL500_.jpg" alt="Product Image"></a><p>YASNAY Alcohol Markers, 48 Colors Dual Tip Art Marker, Drawing Markers, Coloring Marker for Kids Sketching Adult Coloring</p><p> -27% 0FF </p><p>$10.99</p><a href="https://www.amazon.com/dp/B0D7YTZNRF?tag=eloabder-20&linkCode=osi&th=1&psc=1">View Product</a></div><div class="product"><a href="https://www.amazon.com/dp/B07CJ8QXF8?tag=eloabder-20&linkCode=osi&th=1&psc=1"><img src="https://m.media-amazon.com/images/I/51bChi4-H4L._SL500_.jpg" alt="Product Image"></a><p>Dual Markers Brush Pens, 36 Fine Point Art Marker, Double Tip Colored Pen for Adult Coloring Hand Lettering, School Classroom Art Suppliers</p><p> -20% 0FF </p><p>$7.98</p><a href="https://www.amazon.com/dp/B07CJ8QXF8?tag=eloabder-20&linkCode=osi&th=1&psc=1">View Product</a></div><div class="product"><a href="https://www.amazon.com/dp/B071CP6X88?tag=eloabder-20&linkCode=osi&th=1&psc=1"><img src="https://m.media-amazon.com/images/I/41sNeEYkTNL._SL500_.jpg" alt="Product Image"></a><p>Crayola Super Tips Marker Set for Kids (100ct), Broad Tip & Fine Point Washable Art Markers for Kids, Bulk School Supplies, Teacher Classroom Must Haves, Drawing Supplies</p><p> -19% 0FF </p><p>$16.29</p><a href="https://www.amazon.com/dp/B071CP6X88?tag=eloabder-20&linkCode=osi&th=1&psc=1">View Product</a></div><div class="product"><a href="https://www.amazon.com/dp/B08MBFPFCQ?tag=eloabder-20&linkCode=osi&th=1&psc=1"><img src="https://m.media-amazon.com/images/I/51DaGL7Z4oL._SL500_.jpg" alt="Product Image"></a><p>Sharpie Permanent Markers Variety Pack, Includes Chisel, Fine, and Ultra-Fine Tips, Marker Set, Writing, Coloring, Poster, Office, School Supplies, Black, 6 Count</p><p> -19% 0FF </p><p>$4.63 ($0.77 / Count)</p><a href="https://www.amazon.com/dp/B08MBFPFCQ?tag=eloabder-20&linkCode=osi&th=1&psc=1">View Product</a></div>
<div class="product"><a href="https://www.amazon.com/dp/B09Y2KJ2KX?tag=eloabder-20&linkCode=osi&th=1&psc=1"><img src="https://m.media-amazon.com/images/I/41EhQr7suML._SL500_.jpg" alt="Product Image"></a><p>Sharpie Pocket Highlighters, Mild Pastel Colors, Assorted, Chisel Tip, 12 Count - School, Home, and Office Use, Teacher Supplies</p><p> -22% 0FF </p><p>$7.76 ($0.65 / Count)</p><a href="https://www.amazon.com/dp/B09Y2KJ2KX?tag=eloabder-20&linkCode=osi&th=1&psc=1">View Product</a></div><div class="product"><a href="https://www.amazon.com/dp/B08698MJWT?tag=eloabder-20&linkCode=osi&th=1&psc=1"><img src="https://m.media-amazon.com/images/I/512N7aYt5oL._SL500_.jpg" alt="Product Image"></a><p>Sharpie S-Note Creative Markers, Pastel Highlighters, Art Marker Set, Assorted Colors, Chisel Tip, 24 Count - School, Home, and Office Use, Teacher Supplies</p><p> -60% 0FF </p><p>$8.83</p><a href="https://www.amazon.com/dp/B08698MJWT?tag=eloabder-20&linkCode=osi&th=1&psc=1">View Product</a></div>
<div class="product"><a href="https://www.amazon.com/dp/B097DPQPYN?tag=eloabder-20&linkCode=osi&th=1&psc=1"><img src="https://m.media-amazon.com/images/I/51nFyQPtfkL._SL500_.jpg" alt="Product Image"></a><p>Sonuimy Pencil Sharpeners, 4 Pcs Pencil Sharpeners Manual,Dual Holes Compact Colored Handheld Pencil Sharpener for Kids with Lid Adults Students School Class Home Office (Covered)</p><p> -13% 0FF </p><p>$4.49</p><a href="https://www.amazon.com/dp/B097DPQPYN?tag=eloabder-20&linkCode=osi&th=1&psc=1">View Product</a></div><div class="product"><a href="https://www.amazon.com/dp/B000MFN1G8?tag=eloabder-20&linkCode=osi&th=1&psc=1"><img src="https://m.media-amazon.com/images/I/41JPflroUEL._SL500_.jpg" alt="Product Image"></a><p>Compact Desktop Electric Pencil Sharpener, Black, Sold as 1 Each</p><p> -21% 0FF </p><p>$15.89</p><a href="https://www.amazon.com/dp/B000MFN1G8?tag=eloabder-20&linkCode=osi&th=1&psc=1">View Product</a></div><div class="product"><a href="https://www.amazon.com/dp/B00125KXGI?tag=eloabder-20&linkCode=osi&th=1&psc=1"><img src="https://m.media-amazon.com/images/I/51avY0bZv6L._SL500_.jpg" alt="Product Image"></a><p>Bostitch Office Personal Electric Pencil Sharpener, Powerful Stall-Free Motor, High Capacity Shavings Tray, Blue</p><p> -13% 0FF </p><p>$17.48</p><a href="https://www.amazon.com/dp/B00125KXGI?tag=eloabder-20&linkCode=osi&th=1&psc=1">View Product</a></div><div class="product"><a href="https://www.amazon.com/dp/B078DZY9Z5?tag=eloabder-20&linkCode=osi&th=1&psc=1"><img src="https://m.media-amazon.com/images/I/41KbUFGrXfL._SL500_.jpg" alt="Product Image"></a><p>JARLINK Electric Pencil Sharpener, Heavy-Duty Helical Blade to Fast Sharpen, Auto Stop for No.2/Colored Pencils(6-8mm), AC Adapter/Battery Operated in School Classroom/Office/Home (Black)</p><p> -21% 0FF </p><p>$16.98</p><a href="https://www.amazon.com/dp/B078DZY9Z5?tag=eloabder-20&linkCode=osi&th=1&psc=1">View Product</a></div><div class="product"><a href="https://www.amazon.com/dp/B08DLXH86D?tag=eloabder-20&linkCode=osi&th=1&psc=1"><img src="https://m.media-amazon.com/images/I/41UghsnBycL._SL500_.jpg" alt="Product Image"></a><p>Aogwat Pencil Sharpener Electric Pencil Sharpener for Kids, Blade to Fast Sharpen, Suitable for No.2/School/Classroom/Office/Home (Black)</p><p> -23% 0FF </p><p>$9.99</p><a href="https://www.amazon.com/dp/B08DLXH86D?tag=eloabder-20&linkCode=osi&th=1&psc=1">View Product</a></div><div class="product"><a href="https://www.amazon.com/dp/B000GP0VIU?tag=eloabder-20&linkCode=osi&th=1&psc=1"><img src="https://m.media-amazon.com/images/I/318OKKSwzbL._SL500_.jpg" alt="Product Image"></a><p>Bostitch Office Wall Mount Manual Pencil Sharpener, Tip Saver, 8 Hole Dial, 6X Longer Cutter Life, Vertical or Horizontal Mounting Black (MPS1-BLK)</p><p> -9% 0FF </p><p>$13.18</p><a href="https://www.amazon.com/dp/B000GP0VIU?tag=eloabder-20&linkCode=osi&th=1&psc=1">View Product</a></div>
<div class="product"><a href="https://www.amazon.com/dp/B00094H4LU?tag=eloabder-20&linkCode=osi&th=1&psc=1"><img src="https://m.media-amazon.com/images/I/41f-fbZYU1L._SL500_.jpg" alt="Product Image"></a><p>Paper Mate Erasers | Pink Pearl Large Erasers 12 Count</p><p> -55% 0FF </p><p>$6.03</p><a href="https://www.amazon.com/dp/B00094H4LU?tag=eloabder-20&linkCode=osi&th=1&psc=1">View Product</a></div><div class="product"><a href="https://www.amazon.com/dp/B07DPVVMWB?tag=eloabder-20&linkCode=osi&th=1&psc=1"><img src="https://m.media-amazon.com/images/I/51wLlsENgiL._SL500_.jpg" alt="Product Image"></a><p>Mr. Pen Erasers for Pencils, 120 Pack, Pencil Top Erasers, Eraser Caps, Cap Tops, Topper Erasers. Ereaser</p><p> -24% 0FF </p><p>$5.95</p><a href="https://www.amazon.com/dp/B07DPVVMWB?tag=eloabder-20&linkCode=osi&th=1&psc=1">View Product</a></div><div class="product"><a href="https://www.amazon.com/dp/B07144DC8V?tag=eloabder-20&linkCode=osi&th=1&psc=1"><img src="https://m.media-amazon.com/images/I/51Ed1+HW9cL._SL500_.jpg" alt="Product Image"></a><p>Pentel Hi-Polymer Block Eraser, White, 10/Box (ZEH10PC10)</p><p> -44% 0FF </p><p>$9.99</p><a href="https://www.amazon.com/dp/B07144DC8V?tag=eloabder-20&linkCode=osi&th=1&psc=1">View Product</a></div><div class="product"><a href="https://www.amazon.com/dp/B0047CT6SE?tag=eloabder-20&linkCode=osi&th=1&psc=1"><img src="https://m.media-amazon.com/images/I/41bhWXKeeiL._SL500_.jpg" alt="Product Image"></a><p>Pentel Clic Retractable Eraser with Grip, 3 Pack</p><p> -29% 0FF </p><p>$4.77</p><a href="https://www.amazon.com/dp/B0047CT6SE?tag=eloabder-20&linkCode=osi&th=1&psc=1">View Product</a></div>
<div class="product"><a href="https://www.amazon.com/dp/B09S9X3HV7?tag=eloabder-20&linkCode=osi&th=1&psc=1"><img src="https://m.media-amazon.com/images/I/51GgMyfl5VL._SL500_.jpg" alt="Product Image"></a><p>Color Transparent Ruler Plastic Rulers - Ruler 12 inch, Kids Ruler for School, Ruler with Centimeters, Millimeter and Inches, Assorted Colors, Clear Rulers, 7 Pack School Rulers</p><p> -16% 0FF </p><p>$5.99</p><a href="https://www.amazon.com/dp/B09S9X3HV7?tag=eloabder-20&linkCode=osi&th=1&psc=1">View Product</a></div><div class="product"><a href="https://www.amazon.com/dp/B06XK9VQM4?tag=eloabder-20&linkCode=osi&th=1&psc=1"><img src="https://m.media-amazon.com/images/I/51Glln3n-nL._SL500_.jpg" alt="Product Image"></a><p>Outus 12 Pack Wood Ruler Bulk for Students Wooden School Rulers Gifts Office Classroom Measuring, 2 Scale, 12 Inch and 30 cm</p><p> -6% 0FF </p><p>$7.99</p><a href="https://www.amazon.com/dp/B06XK9VQM4?tag=eloabder-20&linkCode=osi&th=1&psc=1">View Product</a></div><div class="product"><a href="https://www.amazon.com/dp/B0B5MLTG7J?tag=eloabder-20&linkCode=osi&th=1&psc=1"><img src="https://m.media-amazon.com/images/I/51z9LUxLKmL._SL500_.jpg" alt="Product Image"></a><p>DAGONGREN 30 Pack Clear Plastic Rulers 12 Inch,Transparent Assorted Color Metric Bulk Rulers with Inches and Centimeters,Kids Ruler for School,Home,Office</p><p> -9% 0FF </p><p>$9.99</p><a href="https://www.amazon.com/dp/B0B5MLTG7J?tag=eloabder-20&linkCode=osi&th=1&psc=1">View Product</a></div><div class="product"><a href="https://www.amazon.com/dp/B096MPPF53?tag=eloabder-20&linkCode=osi&th=1&psc=1"><img src="https://m.media-amazon.com/images/I/51qUpElDRcS._SL500_.jpg" alt="Product Image"></a><p>Tenare 1 Set Plastic Clear Math Set Includes Protractor Triangle Rulers 12 Inch 6 Inch Straight Geometry Math Transparent Ruler Measuring Tool for School Office Home Supplies(Clear)</p><p> -25% 0FF </p><p>$5.98</p><a href="https://www.amazon.com/dp/B096MPPF53?tag=eloabder-20&linkCode=osi&th=1&psc=1">View Product</a></div>

<div class="product"><a href="https://www.amazon.com/dp/B0033J6V3A?tag=eloabder-20&linkCode=osi&th=1&psc=1"><img src="https://m.media-amazon.com/images/I/21o5ASbichL._SL500_.jpg" alt="Product Image"></a><p>NuSparc 2 Drawer Locking Filing Cabinet | Pre-Assembled Steel Construction | Space-Saving Design is Perfect for Home and Small Office | Letter-Size | Assembled in North America</p><p> -14% 0FF </p><p>$76.99</p><a href="https://www.amazon.com/dp/B0033J6V3A?tag=eloabder-20&linkCode=osi&th=1&psc=1">View Product</a></div><div class="product"><a href="https://www.amazon.com/dp/B0D9XYD75W?tag=eloabder-20&linkCode=osi&th=1&psc=1"><img src="https://m.media-amazon.com/images/I/31VM3xK++PL._SL500_.jpg" alt="Product Image"></a><p>BYNSOE 2 Drawer File Cabinet with Lock Vertical Filing Storage Cabinet Office Home Steel Vertical File Cabinets for Letter Size File Cabinet Locked,Assembly Required</p><p> -8% 0FF </p><p>$54.99</p><a href="https://www.amazon.com/dp/B0D9XYD75W?tag=eloabder-20&linkCode=osi&th=1&psc=1">View Product</a></div><div class="product"><a href="https://www.amazon.com/dp/B0989HLF81?tag=eloabder-20&linkCode=osi&th=1&psc=1"><img src="https://m.media-amazon.com/images/I/51vzgnkbcjL._SL500_.jpg" alt="Product Image"></a><p>DEVAISE 3 Drawer Mobile File Cabinet, Wood Lateral Filing Cabinet, Printer Stand with Open Shelves for Home Office, Rustic Brown</p><p> -21% 0FF </p><p>$74.99</p><a href="https://www.amazon.com/dp/B0989HLF81?tag=eloabder-20&linkCode=osi&th=1&psc=1">View Product</a></div>
<div class="product"><a href="https://www.amazon.com/dp/B00006RSQD?tag=eloabder-20&linkCode=osi&th=1&psc=1"><img src="https://m.media-amazon.com/images/I/315rez3KpeL._SL500_.jpg" alt="Product Image"></a><p>Bush Business Furniture Series C 36W Tall 5 Shelf Bookcase in Hansen Cherry, Large Storage and Display Bookshelf for Home or Professional Office</p><p> -8% 0FF </p><p>$239.49</p><a href="https://www.amazon.com/dp/B00006RSQD?tag=eloabder-20&linkCode=osi&th=1&psc=1">View Product</a></div>
<div class="product"><a href="https://www.amazon.com/dp/B09F6JPYSY?tag=eloabder-20&linkCode=osi&th=1&psc=1"><img src="https://m.media-amazon.com/images/I/51fGLH7lhHL._SL500_.jpg" alt="Product Image"></a><p>SPACELEAD Slim Storage Cart 3 Tier,Bathroom Organizer Rolling Utility,Mobile Shelving Unit Slide Out for Office, Kitchen, Laundry Room & Narrow Places,Black</p><p> -30% 0FF </p><p>$20.99</p><a href="https://www.amazon.com/dp/B09F6JPYSY?tag=eloabder-20&linkCode=osi&th=1&psc=1">View Product</a></div><div class="product"><a href="https://www.amazon.com/dp/B08KFTVGQY?tag=eloabder-20&linkCode=osi&th=1&psc=1"><img src="https://m.media-amazon.com/images/I/51BjUEmGaiL._SL500_.jpg" alt="Product Image"></a><p>SONGMICS Cube Storage Organizer, Set of 16 Plastic Cubes, Closet Organizers and Storage, Room Organization, Bedroom Living Room, 12.2 x 48.4 x 48.4 Inches, Rustic Brown ULPC442A01</p><p> -15% 0FF </p><p>$46.99</p><a href="https://www.amazon.com/dp/B08KFTVGQY?tag=eloabder-20&linkCode=osi&th=1&psc=1">View Product</a></div><div class="product"><a href="https://www.amazon.com/dp/B0DG359YX5?tag=eloabder-20&linkCode=osi&th=1&psc=1"><img src="https://m.media-amazon.com/images/I/41OBXL4HJdL._SL500_.jpg" alt="Product Image"></a><p>VIVO Clamp-on 13 inch Above or Below Desk 2-Tier Shelving Unit for Table Accessories, Gaming Devices, and More, Storage Tray, Desktop Organizer, Rustic Vintage Brown, STAND-SHELF2C-N</p><p> -20% 0FF </p><p>$39.99</p><a href="https://www.amazon.com/dp/B0DG359YX5?tag=eloabder-20&linkCode=osi&th=1&psc=1">View Product</a></div><div class="product"><a href="https://www.amazon.com/dp/B0D7S5GGP6?tag=eloabder-20&linkCode=osi&th=1&psc=1"><img src="https://m.media-amazon.com/images/I/51EriWG2BLL._SL500_.jpg" alt="Product Image"></a><p>C&AHOME Wire Cube Storage, 9 - Cube Organizer Metal C Grids, Modular Shelves Units, Closet Organizer, Ideal for Home, Office, Living Room, 36.6”L x 12.4”W x 48.4”H, Silver Gray UWCS3009G</p><p> -33% 0FF </p><p>$28.87</p><a href="https://www.amazon.com/dp/B0D7S5GGP6?tag=eloabder-20&linkCode=osi&th=1&psc=1">View Product</a></div>
<div class="product"><a href="https://www.amazon.com/dp/B0B1M6ML2J?tag=eloabder-20&linkCode=osi&th=1&psc=1"><img src="https://m.media-amazon.com/images/I/51pX2Qo38JL._SL500_.jpg" alt="Product Image"></a><p>WOWBOX 25 PCS Clear Plastic Drawer Organizer Set, 4 Sizes Desk Drawer Divider Organizers and Storage Bins for Makeup, Jewelry, Gadgets for Kitchen, Bedroom, Bathroom, Office</p><p> -35% 0FF </p><p>$16.13 ($0.65 / Count)</p><a href="https://www.amazon.com/dp/B0B1M6ML2J?tag=eloabder-20&linkCode=osi&th=1&psc=1">View Product</a></div><div class="product"><a href="https://www.amazon.com/dp/B0DB8F7GDN?tag=eloabder-20&linkCode=osi&th=1&psc=1"><img src="https://m.media-amazon.com/images/I/51iOtKHzvCL._SL500_.jpg" alt="Product Image"></a><p>OPNICE Desk Organizer and Accessories, 2-Tier Computer Monitor Stand Riser with Drawer and 2 Pen Holders, Laptop Stand, Office Desk Accessories for Office Supplies, Black</p><p> -27% 0FF </p><p>$21.99</p><a href="https://www.amazon.com/dp/B0DB8F7GDN?tag=eloabder-20&linkCode=osi&th=1&psc=1">View Product</a></div><div class="product"><a href="https://www.amazon.com/dp/B0FQ86P4M3?tag=eloabder-20&linkCode=osi&th=1&psc=1"><img src="https://m.media-amazon.com/images/I/41ZDdyGnPxL._SL500_.jpg" alt="Product Image"></a><p>Mind Reader 2-Tier Desk Organizer with Clamp, Accessory Shelf for Office or Gaming, Office, Metal, White</p><p> -5% 0FF </p><p>$37.99</p><a href="https://www.amazon.com/dp/B0FQ86P4M3?tag=eloabder-20&linkCode=osi&th=1&psc=1">View Product</a></div><div class="product"><a href="https://www.amazon.com/dp/B0BYDGF8DT?tag=eloabder-20&linkCode=osi&th=1&psc=1"><img src="https://m.media-amazon.com/images/I/51sE2GzgVNL._SL500_.jpg" alt="Product Image"></a><p>OPNICE Desk Organizer and Accessories, 4-Tier Desktop File Organizer with Drawer and 2 Pen Holders, Office Desk Accessories, Workspace Organizers for Office Supplies(Black)</p><p> -33% 0FF </p><p>$19.99</p><a href="https://www.amazon.com/dp/B0BYDGF8DT?tag=eloabder-20&linkCode=osi&th=1&psc=1">View Product</a></div><div class="product"><a href="https://www.amazon.com/dp/B0DJKSMV2T?tag=eloabder-20&linkCode=osi&th=1&psc=1"><img src="https://m.media-amazon.com/images/I/41gO3CCIg1L._SL500_.jpg" alt="Product Image"></a><p>gianotter Dual Monitor Stand Riser, Desk Organizer With Drawer and 2 Pen Holders, Computer Monitor Stand, Shelf for Top of Desk, Black</p><p> -28% 0FF </p><p>$25.99</p><a href="https://www.amazon.com/dp/B0DJKSMV2T?tag=eloabder-20&linkCode=osi&th=1&psc=1">View Product</a></div><div class="product"><a href="https://www.amazon.com/dp/B0BWTT3WK1?tag=eloabder-20&linkCode=osi&th=1&psc=1"><img src="https://m.media-amazon.com/images/I/51JTe2SjicL._SL500_.jpg" alt="Product Image"></a><p>gianotter Desk Organizers and Accessories with File Holder, 4-Tier Desk Accessories & Workspace Organizers with Drawer and 2 Pen Holder, Paper Organizer for Office Supplies (Rose Gold)</p><p> -27% 0FF </p><p>$23.99</p><a href="https://www.amazon.com/dp/B0BWTT3WK1?tag=eloabder-20&linkCode=osi&th=1&psc=1">View Product</a></div><div class="product"><a href="https://www.amazon.com/dp/B09QKDY1YY?tag=eloabder-20&linkCode=osi&th=1&psc=1"><img src="https://m.media-amazon.com/images/I/519UVM73B6L._SL500_.jpg" alt="Product Image"></a><p>Supeasy 5 Trays Paper Organizer Letter Tray with Handle-Mesh Desk File Organizer, Paper Sorter Desk Organizer for Office, Home or School</p><p> -17% 0FF </p><p>$19.99</p><a href="https://www.amazon.com/dp/B09QKDY1YY?tag=eloabder-20&linkCode=osi&th=1&psc=1">View Product</a></div><div class="product"><a href="https://www.amazon.com/dp/B08PBFKGJG?tag=eloabder-20&linkCode=osi&th=1&psc=1"><img src="https://m.media-amazon.com/images/I/61WfW0WLsqL._SL500_.jpg" alt="Product Image"></a><p>Marbrasse 6 Tier Paper Organizer Letter Tray - Mesh Desk File Organizer with Handle, Paper Sorter Organizer for Letter/A4 Office File Folder Holder - Black</p><p> -23% 0FF </p><p>$19.98</p><a href="https://www.amazon.com/dp/B08PBFKGJG?tag=eloabder-20&linkCode=osi&th=1&psc=1">View Product</a></div><div class="product"><a href="https://www.amazon.com/dp/B09K5927B5?tag=eloabder-20&linkCode=osi&th=1&psc=1"><img src="https://m.media-amazon.com/images/I/51u5tZ4jR6L._SL500_.jpg" alt="Product Image"></a><p>Marbrasse Desk Organizer with File Holder, 5-Tier Paper Letter Tray Organizer with Drawer and 2 Pen Holder, Mesh Desktop Organizer and Storage with Magazine Holder for Office Supplies(Black)</p><p> -24% 0FF </p><p>$33.99</p><a href="https://www.amazon.com/dp/B09K5927B5?tag=eloabder-20&linkCode=osi&th=1&psc=1">View Product</a></div>
<div class="product"><a href="https://www.amazon.com/dp/B0CNXF7SVS?tag=eloabder-20&linkCode=osi&th=1&psc=1"><img src="https://m.media-amazon.com/images/I/51a6EswyTZL._SL500_.jpg" alt="Product Image"></a><p>Manalete Drawer Organizers Set of 15, 4 Sizes Clear Plastic Drawer Organizers and Storage Bins for Kitchen, Bathroom, Office, Dresser Desk Drawer Organizer Tray for Jewelry, Makeup, Junk, Gadgets</p><p> -29% 0FF </p><p>$9.99</p><a href="https://www.amazon.com/dp/B0CNXF7SVS?tag=eloabder-20&linkCode=osi&th=1&psc=1">View Product</a></div><div class="product"><a href="https://www.amazon.com/dp/B0CCY5X6SS?tag=eloabder-20&linkCode=osi&th=1&psc=1"><img src="https://m.media-amazon.com/images/I/41Iye-vPXJL._SL500_.jpg" alt="Product Image"></a><p>Bamboo Drawer Organizer Set, 5 PCS Multi-Use Individual Wood Storage Organizers, Junk Drawer Divider and Storage Trays Containers for Kitchen, Bathroom, Office Desk, Makeup, Jewelry, Utensils</p><p> -20% 0FF </p><p>$19.99 ($4.00 / Count)</p><a href="https://www.amazon.com/dp/B0CCY5X6SS?tag=eloabder-20&linkCode=osi&th=1&psc=1">View Product</a></div><div class="product"><a href="https://www.amazon.com/dp/B0CCDJQ7MM?tag=eloabder-20&linkCode=osi&th=1&psc=1"><img src="https://m.media-amazon.com/images/I/51kU0WJxdsL._SL500_.jpg" alt="Product Image"></a><p>Marbrasse Expandable Desk Drawer Organizer, Mesh Drawer Organizer Tray with 10 Adjustable Compartments, Desk Organizers and Accessories, 5 Dividers Drawer for Office Supplies, Makeup & Vanity (Black)</p><p> -15% 0FF </p><p>$17.84</p><a href="https://www.amazon.com/dp/B0CCDJQ7MM?tag=eloabder-20&linkCode=osi&th=1&psc=1">View Product</a></div><div class="product"><a href="https://www.amazon.com/dp/B0DM27MBZN?tag=eloabder-20&linkCode=osi&th=1&psc=1"><img src="https://m.media-amazon.com/images/I/41hAfSMnrZL._SL500_.jpg" alt="Product Image"></a><p>ElegantArray 12 PCS Drawer Organizer Set, 4 Sizes Storage Drawer Units, Clear Plastic Makeup Vanity Organizer and Storage Bins for Makeup, Stationeries, Multiple Gadgets for Bathroom, Office, Bedroom</p><p> -31% 0FF </p><p>$8.99</p><a href="https://www.amazon.com/dp/B0DM27MBZN?tag=eloabder-20&linkCode=osi&th=1&psc=1">View Product</a></div>
<div class="product"><a href="https://www.amazon.com/dp/B0C4T42TPC?tag=eloabder-20&linkCode=osi&th=1&psc=1"><img src="https://m.media-amazon.com/images/I/318IsyAsPXL._SL500_.jpg" alt="Product Image"></a><p>Adjustable Mobile CPU Stand, Ventilated Computer Tower Stand with 4 Caster Wheels Fits Most PC Tower, Under Desk CPU Holder PC Floor Cart Computer Riser for Gamers and Students (Black)</p><p> -21% 0FF </p><p>$14.21</p><a href="https://www.amazon.com/dp/B0C4T42TPC?tag=eloabder-20&linkCode=osi&th=1&psc=1">View Product</a></div><div class="product"><a href="https://www.amazon.com/dp/B094QTGHNZ?tag=eloabder-20&linkCode=osi&th=1&psc=1"><img src="https://m.media-amazon.com/images/I/31VzBQ+jwWL._SL500_.jpg" alt="Product Image"></a><p>WALI Computer Monitor Stand for Desk, Adjustable Laptop Riser, Desk Monitor Stand Underneath Storage for Office, Home, School Supplies (STT003), 1 Pack, Black</p><p> -32% 0FF </p><p>$16.99</p><a href="https://www.amazon.com/dp/B094QTGHNZ?tag=eloabder-20&linkCode=osi&th=1&psc=1">View Product</a></div><div class="product"><a href="https://www.amazon.com/dp/B07H4DMLVH?tag=eloabder-20&linkCode=osi&th=1&psc=1"><img src="https://m.media-amazon.com/images/I/31eTfKhpSWL._SL500_.jpg" alt="Product Image"></a><p>HUANUO Monitor Stand, Monitor Stand Riser 3 Height Adjustable, Monitor Riser with Airflow Vents, Laptop Stand for Desk, Laptop Riser, Desk Organizer for Monitor, 15.6" Laptop, PC, Printer</p><p> -11% 0FF </p><p>$15.19</p><a href="https://www.amazon.com/dp/B07H4DMLVH?tag=eloabder-20&linkCode=osi&th=1&psc=1">View Product</a></div><div class="product"><a href="https://www.amazon.com/dp/B0D69W6H91?tag=eloabder-20&linkCode=osi&th=1&psc=1"><img src="https://m.media-amazon.com/images/I/51rQI+gi3lL._SL500_.jpg" alt="Product Image"></a><p>JANE EYRE Computer Tower Stand - Adjustable PC Tower Stand CPU Holder Cart with Charging Station for Office Home Classroom,23.03"-28.3" H, black</p><p> -10% 0FF </p><p>$53.99</p><a href="https://www.amazon.com/dp/B0D69W6H91?tag=eloabder-20&linkCode=osi&th=1&psc=1">View Product</a></div><div class="product"><a href="https://www.amazon.com/dp/B0C4T34L9Y?tag=eloabder-20&linkCode=osi&th=1&psc=1"><img src="https://m.media-amazon.com/images/I/51BNMGXNOEL._SL500_.jpg" alt="Product Image"></a><p>BONTEC Wooden Monitor Stand Riser, 2-Tier Desk Shelf with Storage Organizer, Ergonomic Computer Stand with Cable Management, Cellphone Holder, White, 16.5 Inch</p><p> -33% 0FF </p><p>$18.04</p><a href="https://www.amazon.com/dp/B0C4T34L9Y?tag=eloabder-20&linkCode=osi&th=1&psc=1">View Product</a></div><div class="product"><a href="https://www.amazon.com/dp/B08BRCT4JH?tag=eloabder-20&linkCode=osi&th=1&psc=1"><img src="https://m.media-amazon.com/images/I/41Ga6A+cXbL._SL500_.jpg" alt="Product Image"></a><p>BESIGN LS03 Aluminum Laptop Stand, Ergonomic Detachable Computer Stand, Notebook Riser Compatible with Air, Pro, Dell, HP, Lenovo More 10-15.6" Laptops, Silver</p><p> -25% 0FF </p><p>$14.98</p><a href="https://www.amazon.com/dp/B08BRCT4JH?tag=eloabder-20&linkCode=osi&th=1&psc=1">View Product</a></div>
<div class="product"><a href="https://www.amazon.com/dp/B07Q79ZZJ6?tag=eloabder-20&linkCode=osi&th=1&psc=1"><img src="https://m.media-amazon.com/images/I/31-LBzENQIL._SL500_.jpg" alt="Product Image"></a><p>Single LCD Computer Monitor Free-Standing Desk Stand Mount Riser for 13 inch to 32 inch screen with Swivel, Height Adjustable, Rotation, Vesa Base Stand Holds One (1) Screen up to 77Lbs(HT05B-001))</p><p> -34% 0FF </p><p>$21.99</p><a href="https://www.amazon.com/dp/B07Q79ZZJ6?tag=eloabder-20&linkCode=osi&th=1&psc=1">View Product</a></div><div class="product"><a href="https://www.amazon.com/dp/B082845XM8?tag=eloabder-20&linkCode=osi&th=1&psc=1"><img src="https://m.media-amazon.com/images/I/41uRH1B7HgL._SL500_.jpg" alt="Product Image"></a><p>Dual Monitor Stand - Vertical Stack Screen Free-Standing Monitor Riser Fits Two 13 to 34 Inch Screen with Swivel, Tilt, Height Adjustable, Holds One (1) Screen Up to 44Lbs</p><p> -5% 0FF </p><p>$31.56</p><a href="https://www.amazon.com/dp/B082845XM8?tag=eloabder-20&linkCode=osi&th=1&psc=1">View Product</a></div><div class="product"><a href="https://www.amazon.com/dp/B00X4SCCFG?tag=eloabder-20&linkCode=osi&th=1&psc=1"><img src="https://m.media-amazon.com/images/I/21X2klzUZGL._SL500_.jpg" alt="Product Image"></a><p>Amazon Basics Height Adjustable Rectangular Computer Monitor Riser Desk Stand with Storage for Reduced Neck Strain - Fits Monitors, Laptops Up to 22lbs, Black</p><p> -35% 0FF </p><p>$14.06</p><a href="https://www.amazon.com/dp/B00X4SCCFG?tag=eloabder-20&linkCode=osi&th=1&psc=1">View Product</a></div>
<div class="product"><a href="https://www.amazon.com/dp/B07HFDJCSL?tag=eloabder-20&linkCode=osi&th=1&psc=1"><img src="https://m.media-amazon.com/images/I/41DR7qY1naL._SL500_.jpg" alt="Product Image"></a><p>VIVO Large Keyboard Tray Under Desk Pull Out with Extra Sturdy C Clamp Mount System, 27 (33 Including Clamps) x 11 Inch Slide-Out Platform Computer Drawer for Typing, Black, MOUNT-KB05E</p><p> -17% 0FF </p><p>$49.99</p><a href="https://www.amazon.com/dp/B07HFDJCSL?tag=eloabder-20&linkCode=osi&th=1&psc=1">View Product</a></div><div class="product"><a href="https://www.amazon.com/dp/B082NKBM62?tag=eloabder-20&linkCode=osi&th=1&psc=1"><img src="https://m.media-amazon.com/images/I/41qQ3p9-mrL._SL500_.jpg" alt="Product Image"></a><p>HUANUO Keyboard Tray Under Desk, 360 Adjustable Ergonomic Sliding Keyboard & Mouse Tray, Under Desk Keyboard Tray Slide Out, Keyboard Holder Under Desk for Typing in Home, Office Work, 25"W x 9.84"D</p><p> -33% 0FF </p><p>$59.98</p><a href="https://www.amazon.com/dp/B082NKBM62?tag=eloabder-20&linkCode=osi&th=1&psc=1">View Product</a></div><div class="product"><a href="https://www.amazon.com/dp/B0F23GTKHL?tag=eloabder-20&linkCode=osi&th=1&psc=1"><img src="https://m.media-amazon.com/images/I/41dmHoeznDL._SL500_.jpg" alt="Product Image"></a><p>Zontera Ergonomic Mouse & Keyboard Tray Under Desk, Pull Out with Adjustable C-clamp, 20 (25.9 Including Clamps) x 11.8 Inch Slide Out Computer Keyboard Drawer Mouse Tray for Typing, Black</p><p> -7% 0FF </p><p>$25.99</p><a href="https://www.amazon.com/dp/B0F23GTKHL?tag=eloabder-20&linkCode=osi&th=1&psc=1">View Product</a></div><div class="product"><a href="https://www.amazon.com/dp/B01IIGMBVI?tag=eloabder-20&linkCode=osi&th=1&psc=1"><img src="https://m.media-amazon.com/images/I/21Vw8003F0L._SL500_.jpg" alt="Product Image"></a><p>Alera ALE Valencia Series Underdesk Keyboard/Mouse Shelf, 28w x 12d, Black</p><p> -50% 0FF </p><p>$29.22</p><a href="https://www.amazon.com/dp/B01IIGMBVI?tag=eloabder-20&linkCode=osi&th=1&psc=1">View Product</a></div>
<div class="product"><a href="https://www.amazon.com/dp/B07C3XZMC6?tag=eloabder-20&linkCode=osi&th=1&psc=1"><img src="https://m.media-amazon.com/images/I/31Eojf7glwL._SL500_.jpg" alt="Product Image"></a><p>JIKIOU 3 Pack Mouse Pad with Stitched Edge, Comfortable Mouse Pads with Non-Slip Rubber Base, Washable Mousepads Bulk with Comfortable Cloth, Mouse Pads for Computers Laptop Mouse 10.2x8.3inch Black</p><p> -29% 0FF </p><p>$7.99</p><a href="https://www.amazon.com/dp/B07C3XZMC6?tag=eloabder-20&linkCode=osi&th=1&psc=1">View Product</a></div><div class="product"><a href="https://www.amazon.com/dp/B085XRMSTT?tag=eloabder-20&linkCode=osi&th=1&psc=1"><img src="https://m.media-amazon.com/images/I/31aDSI0sFoL._SL500_.jpg" alt="Product Image"></a><p>EooCoo Ergonomic Mouse Pad with Wrist Support, Mousepad with Memory Foam Wrist Rest and Non-Slip Base for Computer, Cafe, Home & Office, 9.64 x 8.26 in Office Desk Accessories</p><p> -36% 0FF </p><p>$6.99</p><a href="https://www.amazon.com/dp/B085XRMSTT?tag=eloabder-20&linkCode=osi&th=1&psc=1">View Product</a></div>
<div class="product"><a href="https://www.amazon.com/dp/B0BRCJL4MM?tag=eloabder-20&linkCode=osi&th=1&psc=1"><img src="https://m.media-amazon.com/images/I/41sggzaNbPL._SL500_.jpg" alt="Product Image"></a><p>Led Desk Lamp for Office Home - Eye Caring Architect lamp with Clamp,Dual Screen Computer Monitor Gooseneck Smart Light: 24W 5 Color Flexible Adjustable Lighting Table Lamp for Study Drafting</p><p> -13% 0FF </p><p>$69.99</p><a href="https://www.amazon.com/dp/B0BRCJL4MM?tag=eloabder-20&linkCode=osi&th=1&psc=1">View Product</a></div><div class="product"><a href="https://www.amazon.com/dp/B0BNHNG5CY?tag=eloabder-20&linkCode=osi&th=1&psc=1"><img src="https://m.media-amazon.com/images/I/51ccmdZe2YL._SL500_.jpg" alt="Product Image"></a><p>Micomlan Led Desk Lamp with Clamp, Architect Desk Lamp for Home Office with Atmosphere Lighting, 24W Ultra Bright Auto Dimming Computer Light Stepless Dimming and Tempering LED Table Light</p><p> -27% 0FF </p><p>$49.99</p><a href="https://www.amazon.com/dp/B0BNHNG5CY?tag=eloabder-20&linkCode=osi&th=1&psc=1">View Product</a></div><div class="product"><a href="https://www.amazon.com/dp/B078W61H9P?tag=eloabder-20&linkCode=osi&th=1&psc=1"><img src="https://m.media-amazon.com/images/I/31aebwb3nqL._SL500_.jpg" alt="Product Image"></a><p>LEPOWER Metal Desk Lamp, Eye-Caring Table Lamp, Study Lamps with Flexible Goose Neck for Bedroom, Home Office (Matte Black)</p><p> -24% 0FF </p><p>$24.99</p><a href="https://www.amazon.com/dp/B078W61H9P?tag=eloabder-20&linkCode=osi&th=1&psc=1">View Product</a></div><div class="product"><a href="https://www.amazon.com/dp/B0D1DLY4H4?tag=eloabder-20&linkCode=osi&th=1&psc=1"><img src="https://m.media-amazon.com/images/I/41sKiuSIwRL._SL500_.jpg" alt="Product Image"></a><p>SKYLEO Led Desk Lamp - Desk Light for 31.5" Tall - 5 Color Modes X 11 Brightness Levels - Adjustable Swing Arm - Timmer & Memory Function - 12W Lamp for Desk - Black</p><p> -23% 0FF </p><p>$19.99</p><a href="https://www.amazon.com/dp/B0D1DLY4H4?tag=eloabder-20&linkCode=osi&th=1&psc=1">View Product</a></div><div class="product"><a href="https://www.amazon.com/dp/B0D2LGK82V?tag=eloabder-20&linkCode=osi&th=1&psc=1"><img src="https://m.media-amazon.com/images/I/41UpQ-qygDL._SL500_.jpg" alt="Product Image"></a><p>Addtam LED Desk Lamp, Power Strip with 3 Outlets 4 USB Charging Ports(2 USBC), 4 Modes 5 Level Brightness Touch Lamp, Small Desk Lamp for Home Office College Dorm Room Essentials</p><p> -23% 0FF </p><p>$16.99</p><a href="https://www.amazon.com/dp/B0D2LGK82V?tag=eloabder-20&linkCode=osi&th=1&psc=1">View Product</a></div><div class="product"><a href="https://www.amazon.com/dp/B08LMTQ7ZF?tag=eloabder-20&linkCode=osi&th=1&psc=1"><img src="https://m.media-amazon.com/images/I/21vKPX2KHML._SL500_.jpg" alt="Product Image"></a><p>Lepro LED Desk Lamp for Home Office, 9.5W 750LM Metal Touch Control Desk Light, 5 Color Modes 5 Brightness Level, Eye Caring Task Lamp For Reading, Sewing, Crafts, School Supplies, Puzzle Light, Black</p><p> -13% 0FF </p><p>$24.99</p><a href="https://www.amazon.com/dp/B08LMTQ7ZF?tag=eloabder-20&linkCode=osi&th=1&psc=1">View Product</a></div>
<div class="product"><a href="https://www.amazon.com/dp/B0D7BXNDP4?tag=eloabder-20&linkCode=osi&th=1&psc=1"><img src="https://m.media-amazon.com/images/I/41DuEunZ1+L._SL500_.jpg" alt="Product Image"></a><p>Monitor Fan with Clamp & Light Bar Desk Lamp with fan for Office mini Desk fan small quiet with lamp for PC Laptops Tablet for Home Office Portable Working Reading Stand Lamp</p><p> -5% 0FF </p><p>$15.19</p><a href="https://www.amazon.com/dp/B0D7BXNDP4?tag=eloabder-20&linkCode=osi&th=1&psc=1">View Product</a></div><div class="product"><a href="https://www.amazon.com/dp/B07K1D41DC?tag=eloabder-20&linkCode=osi&th=1&psc=1"><img src="https://m.media-amazon.com/images/I/310MAouNV-L._SL500_.jpg" alt="Product Image"></a><p>OttLite Cool Breeze LED Lamp with Bladeless Fan - 3 Speed Options & 5 Brightness Settings with Energy Efficient Natural Daylight LEDs - Desktop, Table or Nightstand Lamp for Studying or Reading</p><p> -14% 0FF </p><p>$89.98</p><a href="https://www.amazon.com/dp/B07K1D41DC?tag=eloabder-20&linkCode=osi&th=1&psc=1">View Product</a></div>
<div class="product"><a href="https://www.amazon.com/dp/B0CXSXL1F2?tag=eloabder-20&linkCode=osi&th=1&psc=1"><img src="https://m.media-amazon.com/images/I/41H6cndt7iL._SL500_.jpg" alt="Product Image"></a><p>9 Pack Lined Sticky Notes 4x6 in Post Sticky Notes with Lines, 9 Bright Colors Self Sticky Notes Pad Its, Large Ruled Sticky Note for Office, Home, 35 Sheets/Pad</p><p> -33% 0FF </p><p>$7.99</p><a href="https://www.amazon.com/dp/B0CXSXL1F2?tag=eloabder-20&linkCode=osi&th=1&psc=1">View Product</a></div><div class="product"><a href="https://www.amazon.com/dp/B019QROV9S?tag=eloabder-20&linkCode=osi&th=1&psc=1"><img src="https://m.media-amazon.com/images/I/51OsStyntzL._SL500_.jpg" alt="Product Image"></a><p>Sharpie Clear View Highlighter Sticks, Chisel Tip, Assorted Fluorescent, 8 Count - School, Home, and Office Use, Teacher Supplies</p><p> -23% 0FF </p><p>$13.86</p><a href="https://www.amazon.com/dp/B019QROV9S?tag=eloabder-20&linkCode=osi&th=1&psc=1">View Product</a></div>
<div class="product"><a href="https://www.amazon.com/dp/B082PN4X5J?tag=eloabder-20&linkCode=osi&th=1&psc=1"><img src="https://m.media-amazon.com/images/I/51o+eA8g6nL._SL500_.jpg" alt="Product Image"></a><p>Sharpie S-Gel Gel Pens, Black Barrel, Medium Point (0.7mm), Black Gel Ink Pens, 12 Count - Home, Office, School, Journaling, Writing, Note-Taking, Teacher Supplies</p><p> -14% 0FF </p><p>$11.97</p><a href="https://www.amazon.com/dp/B082PN4X5J?tag=eloabder-20&linkCode=osi&th=1&psc=1">View Product</a></div><div class="product"><a href="https://www.amazon.com/dp/B0C9W8DD9S?tag=eloabder-20&linkCode=osi&th=1&psc=1"><img src="https://m.media-amazon.com/images/I/41mdSvEwNZL._SL500_.jpg" alt="Product Image"></a><p>Ddaowanx Gel Pens, 6 Pcs 0.5mm Quick Dry Black Ink Pens Fine Point Smooth Writing Pens, Cute Office School Supplies Gifts for Women</p><p> -10% 0FF </p><p>$8.99</p><a href="https://www.amazon.com/dp/B0C9W8DD9S?tag=eloabder-20&linkCode=osi&th=1&psc=1">View Product</a></div><div class="product"><a href="https://www.amazon.com/dp/B019QBOG3U?tag=eloabder-20&linkCode=osi&th=1&psc=1"><img src="https://m.media-amazon.com/images/I/416PjSebDoL._SL500_.jpg" alt="Product Image"></a><p>Paper Mate Colorful Gel Pens - InkJoy Gel Pens Assorted Medium Point (0.7). Perfect for Vibrant Colored Writing and Sketching with Paper Mate InkJoy 14 Count</p><p> -18% 0FF </p><p>$10.31</p><a href="https://www.amazon.com/dp/B019QBOG3U?tag=eloabder-20&linkCode=osi&th=1&psc=1">View Product</a></div><div class="product"><a href="https://www.amazon.com/dp/B0C73JDN4S?tag=eloabder-20&linkCode=osi&th=1&psc=1"><img src="https://m.media-amazon.com/images/I/51DJUUxL7HL._SL500_.jpg" alt="Product Image"></a><p>Linbsunne Ballpoint Pens Black Medium Point 1mm Pen with Super Soft Grip Ball Point Pen for Men Women Retractable Pens (gold-12 pcs)</p><p> -10% 0FF </p><p>$8.99</p><a href="https://www.amazon.com/dp/B0C73JDN4S?tag=eloabder-20&linkCode=osi&th=1&psc=1">View Product</a></div><div class="product"><a href="https://www.amazon.com/dp/B001OTA66O?tag=eloabder-20&linkCode=osi&th=1&psc=1"><img src="https://m.media-amazon.com/images/I/41yS5tBZQLL._SL500_.jpg" alt="Product Image"></a><p>BIC Glide Black Retractable Ballpoint Pens, Medium Point (1.0mm), 4-Count Pack, Ultra Smooth Writing Black Pens</p><p> -40% 0FF </p><p>$2.99</p><a href="https://www.amazon.com/dp/B001OTA66O?tag=eloabder-20&linkCode=osi&th=1&psc=1">View Product</a></div>
<div class="product"><a href="https://www.amazon.com/dp/B002HVXXCW?tag=eloabder-20&linkCode=osi&th=1&psc=1"><img src="https://m.media-amazon.com/images/I/41JeEedXCeL._SL500_.jpg" alt="Product Image"></a><p>Ticonderoga Wood-Cased Pencils, Pre-Sharpened, 2 HB Soft, Yellow, 10 Count</p><p> -58% 0FF </p><p>$2.49</p><a href="https://www.amazon.com/dp/B002HVXXCW?tag=eloabder-20&linkCode=osi&th=1&psc=1">View Product</a></div><div class="product"><a href="https://www.amazon.com/dp/B077Q4B6YN?tag=eloabder-20&linkCode=osi&th=1&psc=1"><img src="https://m.media-amazon.com/images/I/4160YcHGDNL._SL500_.jpg" alt="Product Image"></a><p>Paper Mate 2017483 Mechanical Pencils for Handwriting, Triangular, 5/PK, AST</p><p> -45% 0FF </p><p>$3.47</p><a href="https://www.amazon.com/dp/B077Q4B6YN?tag=eloabder-20&linkCode=osi&th=1&psc=1">View Product</a></div>
<div class="product"><a href="https://www.amazon.com/dp/B0D7YTZNRF?tag=eloabder-20&linkCode=osi&th=1&psc=1"><img src="https://m.media-amazon.com/images/I/41hSbSlNAmL._SL500_.jpg" alt="Product Image"></a><p>YASNAY Alcohol Markers, 48 Colors Dual Tip Art Marker, Drawing Markers, Coloring Marker for Kids Sketching Adult Coloring</p><p> -27% 0FF </p><p>$10.99</p><a href="https://www.amazon.com/dp/B0D7YTZNRF?tag=eloabder-20&linkCode=osi&th=1&psc=1">View Product</a></div><div class="product"><a href="https://www.amazon.com/dp/B07CJ8QXF8?tag=eloabder-20&linkCode=osi&th=1&psc=1"><img src="https://m.media-amazon.com/images/I/51bChi4-H4L._SL500_.jpg" alt="Product Image"></a><p>Dual Markers Brush Pens, 36 Fine Point Art Marker, Double Tip Colored Pen for Adult Coloring Hand Lettering, School Classroom Art Suppliers</p><p> -20% 0FF </p><p>$7.98</p><a href="https://www.amazon.com/dp/B07CJ8QXF8?tag=eloabder-20&linkCode=osi&th=1&psc=1">View Product</a></div><div class="product"><a href="https://www.amazon.com/dp/B071CP6X88?tag=eloabder-20&linkCode=osi&th=1&psc=1"><img src="https://m.media-amazon.com/images/I/41sNeEYkTNL._SL500_.jpg" alt="Product Image"></a><p>Crayola Super Tips Marker Set for Kids (100ct), Broad Tip & Fine Point Washable Art Markers for Kids, Bulk School Supplies, Teacher Classroom Must Haves, Drawing Supplies</p><p> -19% 0FF </p><p>$16.29</p><a href="https://www.amazon.com/dp/B071CP6X88?tag=eloabder-20&linkCode=osi&th=1&psc=1">View Product</a></div><div class="product"><a href="https://www.amazon.com/dp/B08MBFPFCQ?tag=eloabder-20&linkCode=osi&th=1&psc=1"><img src="https://m.media-amazon.com/images/I/51DaGL7Z4oL._SL500_.jpg" alt="Product Image"></a><p>Sharpie Permanent Markers Variety Pack, Includes Chisel, Fine, and Ultra-Fine Tips, Marker Set, Writing, Coloring, Poster, Office, School Supplies, Black, 6 Count</p><p> -19% 0FF </p><p>$4.63 ($0.77 / Count)</p><a href="https://www.amazon.com/dp/B08MBFPFCQ?tag=eloabder-20&linkCode=osi&th=1&psc=1">View Product</a></div>
<div class="product"><a href="https://www.amazon.com/dp/B09Y2KJ2KX?tag=eloabder-20&linkCode=osi&th=1&psc=1"><img src="https://m.media-amazon.com/images/I/41EhQr7suML._SL500_.jpg" alt="Product Image"></a><p>Sharpie Pocket Highlighters, Mild Pastel Colors, Assorted, Chisel Tip, 12 Count - School, Home, and Office Use, Teacher Supplies</p><p> -22% 0FF </p><p>$7.76 ($0.65 / Count)</p><a href="https://www.amazon.com/dp/B09Y2KJ2KX?tag=eloabder-20&linkCode=osi&th=1&psc=1">View Product</a></div><div class="product"><a href="https://www.amazon.com/dp/B08698MJWT?tag=eloabder-20&linkCode=osi&th=1&psc=1"><img src="https://m.media-amazon.com/images/I/512N7aYt5oL._SL500_.jpg" alt="Product Image"></a><p>Sharpie S-Note Creative Markers, Pastel Highlighters, Art Marker Set, Assorted Colors, Chisel Tip, 24 Count - School, Home, and Office Use, Teacher Supplies</p><p> -60% 0FF </p><p>$8.83</p><a href="https://www.amazon.com/dp/B08698MJWT?tag=eloabder-20&linkCode=osi&th=1&psc=1">View Product</a></div>
<div class="product"><a href="https://www.amazon.com/dp/B097DPQPYN?tag=eloabder-20&linkCode=osi&th=1&psc=1"><img src="https://m.media-amazon.com/images/I/51nFyQPtfkL._SL500_.jpg" alt="Product Image"></a><p>Sonuimy Pencil Sharpeners, 4 Pcs Pencil Sharpeners Manual,Dual Holes Compact Colored Handheld Pencil Sharpener for Kids with Lid Adults Students School Class Home Office (Covered)</p><p> -13% 0FF </p><p>$4.49</p><a href="https://www.amazon.com/dp/B097DPQPYN?tag=eloabder-20&linkCode=osi&th=1&psc=1">View Product</a></div><div class="product"><a href="https://www.amazon.com/dp/B000MFN1G8?tag=eloabder-20&linkCode=osi&th=1&psc=1"><img src="https://m.media-amazon.com/images/I/41JPflroUEL._SL500_.jpg" alt="Product Image"></a><p>Compact Desktop Electric Pencil Sharpener, Black, Sold as 1 Each</p><p> -21% 0FF </p><p>$15.89</p><a href="https://www.amazon.com/dp/B000MFN1G8?tag=eloabder-20&linkCode=osi&th=1&psc=1">View Product</a></div><div class="product"><a href="https://www.amazon.com/dp/B00125KXGI?tag=eloabder-20&linkCode=osi&th=1&psc=1"><img src="https://m.media-amazon.com/images/I/51avY0bZv6L._SL500_.jpg" alt="Product Image"></a><p>Bostitch Office Personal Electric Pencil Sharpener, Powerful Stall-Free Motor, High Capacity Shavings Tray, Blue</p><p> -13% 0FF </p><p>$17.48</p><a href="https://www.amazon.com/dp/B00125KXGI?tag=eloabder-20&linkCode=osi&th=1&psc=1">View Product</a></div><div class="product"><a href="https://www.amazon.com/dp/B078DZY9Z5?tag=eloabder-20&linkCode=osi&th=1&psc=1"><img src="https://m.media-amazon.com/images/I/41KbUFGrXfL._SL500_.jpg" alt="Product Image"></a><p>JARLINK Electric Pencil Sharpener, Heavy-Duty Helical Blade to Fast Sharpen, Auto Stop for No.2/Colored Pencils(6-8mm), AC Adapter/Battery Operated in School Classroom/Office/Home (Black)</p><p> -21% 0FF </p><p>$16.98</p><a href="https://www.amazon.com/dp/B078DZY9Z5?tag=eloabder-20&linkCode=osi&th=1&psc=1">View Product</a></div><div class="product"><a href="https://www.amazon.com/dp/B08DLXH86D?tag=eloabder-20&linkCode=osi&th=1&psc=1"><img src="https://m.media-amazon.com/images/I/41UghsnBycL._SL500_.jpg" alt="Product Image"></a><p>Aogwat Pencil Sharpener Electric Pencil Sharpener for Kids, Blade to Fast Sharpen, Suitable for No.2/School/Classroom/Office/Home (Black)</p><p> -23% 0FF </p><p>$9.99</p><a href="https://www.amazon.com/dp/B08DLXH86D?tag=eloabder-20&linkCode=osi&th=1&psc=1">View Product</a></div><div class="product"><a href="https://www.amazon.com/dp/B000GP0VIU?tag=eloabder-20&linkCode=osi&th=1&psc=1"><img src="https://m.media-amazon.com/images/I/318OKKSwzbL._SL500_.jpg" alt="Product Image"></a><p>Bostitch Office Wall Mount Manual Pencil Sharpener, Tip Saver, 8 Hole Dial, 6X Longer Cutter Life, Vertical or Horizontal Mounting Black (MPS1-BLK)</p><p> -9% 0FF </p><p>$13.18</p><a href="https://www.amazon.com/dp/B000GP0VIU?tag=eloabder-20&linkCode=osi&th=1&psc=1">View Product</a></div>
<div class="product"><a href="https://www.amazon.com/dp/B00094H4LU?tag=eloabder-20&linkCode=osi&th=1&psc=1"><img src="https://m.media-amazon.com/images/I/41f-fbZYU1L._SL500_.jpg" alt="Product Image"></a><p>Paper Mate Erasers | Pink Pearl Large Erasers 12 Count</p><p> -55% 0FF </p><p>$6.03</p><a href="https://www.amazon.com/dp/B00094H4LU?tag=eloabder-20&linkCode=osi&th=1&psc=1">View Product</a></div><div class="product"><a href="https://www.amazon.com/dp/B07DPVVMWB?tag=eloabder-20&linkCode=osi&th=1&psc=1"><img src="https://m.media-amazon.com/images/I/51wLlsENgiL._SL500_.jpg" alt="Product Image"></a><p>Mr. Pen Erasers for Pencils, 120 Pack, Pencil Top Erasers, Eraser Caps, Cap Tops, Topper Erasers. Ereaser</p><p> -24% 0FF </p><p>$5.95</p><a href="https://www.amazon.com/dp/B07DPVVMWB?tag=eloabder-20&linkCode=osi&th=1&psc=1">View Product</a></div><div class="product"><a href="https://www.amazon.com/dp/B07144DC8V?tag=eloabder-20&linkCode=osi&th=1&psc=1"><img src="https://m.media-amazon.com/images/I/51Ed1+HW9cL._SL500_.jpg" alt="Product Image"></a><p>Pentel Hi-Polymer Block Eraser, White, 10/Box (ZEH10PC10)</p><p> -44% 0FF </p><p>$9.99</p><a href="https://www.amazon.com/dp/B07144DC8V?tag=eloabder-20&linkCode=osi&th=1&psc=1">View Product</a></div><div class="product"><a href="https://www.amazon.com/dp/B0047CT6SE?tag=eloabder-20&linkCode=osi&th=1&psc=1"><img src="https://m.media-amazon.com/images/I/41bhWXKeeiL._SL500_.jpg" alt="Product Image"></a><p>Pentel Clic Retractable Eraser with Grip, 3 Pack</p><p> -29% 0FF </p><p>$4.77</p><a href="https://www.amazon.com/dp/B0047CT6SE?tag=eloabder-20&linkCode=osi&th=1&psc=1">View Product</a></div>
<div class="product"><a href="https://www.amazon.com/dp/B09S9X3HV7?tag=eloabder-20&linkCode=osi&th=1&psc=1"><img src="https://m.media-amazon.com/images/I/51GgMyfl5VL._SL500_.jpg" alt="Product Image"></a><p>Color Transparent Ruler Plastic Rulers - Ruler 12 inch, Kids Ruler for School, Ruler with Centimeters, Millimeter and Inches, Assorted Colors, Clear Rulers, 7 Pack School Rulers</p><p> -16% 0FF </p><p>$5.99</p><a href="https://www.amazon.com/dp/B09S9X3HV7?tag=eloabder-20&linkCode=osi&th=1&psc=1">View Product</a></div><div class="product"><a href="https://www.amazon.com/dp/B06XK9VQM4?tag=eloabder-20&linkCode=osi&th=1&psc=1"><img src="https://m.media-amazon.com/images/I/51Glln3n-nL._SL500_.jpg" alt="Product Image"></a><p>Outus 12 Pack Wood Ruler Bulk for Students Wooden School Rulers Gifts Office Classroom Measuring, 2 Scale, 12 Inch and 30 cm</p><p> -6% 0FF </p><p>$7.99</p><a href="https://www.amazon.com/dp/B06XK9VQM4?tag=eloabder-20&linkCode=osi&th=1&psc=1">View Product</a></div><div class="product"><a href="https://www.amazon.com/dp/B0B5MLTG7J?tag=eloabder-20&linkCode=osi&th=1&psc=1"><img src="https://m.media-amazon.com/images/I/51z9LUxLKmL._SL500_.jpg" alt="Product Image"></a><p>DAGONGREN 30 Pack Clear Plastic Rulers 12 Inch,Transparent Assorted Color Metric Bulk Rulers with Inches and Centimeters,Kids Ruler for School,Home,Office</p><p> -9% 0FF </p><p>$9.99</p><a href="https://www.amazon.com/dp/B0B5MLTG7J?tag=eloabder-20&linkCode=osi&th=1&psc=1">View Product</a></div><div class="product"><a href="https://www.amazon.com/dp/B096MPPF53?tag=eloabder-20&linkCode=osi&th=1&psc=1"><img src="https://m.media-amazon.com/images/I/51qUpElDRcS._SL500_.jpg" alt="Product Image"></a><p>Tenare 1 Set Plastic Clear Math Set Includes Protractor Triangle Rulers 12 Inch 6 Inch Straight Geometry Math Transparent Ruler Measuring Tool for School Office Home Supplies(Clear)</p><p> -25% 0FF </p><p>$5.98</p><a href="https://www.amazon.com/dp/B096MPPF53?tag=eloabder-20&linkCode=osi&th=1&psc=1">View Product</a></div>
<div class="product"><a href="https://www.amazon.com/dp/B07YDDX4JL?tag=eloabder-20&linkCode=osi&th=1&psc=1"><img src="https://m.media-amazon.com/images/I/41oBPZwCRLL._SL500_.jpg" alt="Product Image"></a><p>3-Pack 8" Heavy Duty Scissors with Ultra Sharp Blades and Comfort Grip Handles - For Office, Home, School, Sewing, and Crafts</p><p> -15% 0FF </p><p>$8.49 ($2.83 / Count)</p><a href="https://www.amazon.com/dp/B07YDDX4JL?tag=eloabder-20&linkCode=osi&th=1&psc=1">View Product</a></div><div class="product"><a href="https://www.amazon.com/dp/B01BRGU8R0?tag=eloabder-20&linkCode=osi&th=1&psc=1"><img src="https://m.media-amazon.com/images/I/41ANVra+eNL._SL500_.jpg" alt="Product Image"></a><p>Amazon Basics Stainless Steel Scissors for Office, Crafts, Multipurpose, Sharp, Comfort Grip, PVD Coated, 3 Pack, Multicolor</p><p> -45% 0FF </p><p>$7.55</p><a href="https://www.amazon.com/dp/B01BRGU8R0?tag=eloabder-20&linkCode=osi&th=1&psc=1">View Product</a></div><div class="product"><a href="https://www.amazon.com/dp/B000P0LNRE?tag=eloabder-20&linkCode=osi&th=1&psc=1"><img src="https://m.media-amazon.com/images/I/41fWgMTO0JL._SL500_.jpg" alt="Product Image"></a><p>Westcott 8-Inch Titanium-Bonded Scissors with Adjustable Glide Feature for Office and Home - Gray/Yellow, 2-Pack</p><p> -33% 0FF </p><p>$9.97</p><a href="https://www.amazon.com/dp/B000P0LNRE?tag=eloabder-20&linkCode=osi&th=1&psc=1">View Product</a></div>

<div class="product"><a href="https://www.amazon.com/dp/B0033J6V3A?tag=eloabder-20&linkCode=osi&th=1&psc=1"><img src="https://m.media-amazon.com/images/I/21o5ASbichL._SL500_.jpg" alt="Product Image"></a><p>NuSparc 2 Drawer Locking Filing Cabinet | Pre-Assembled Steel Construction | Space-Saving Design is Perfect for Home and Small Office | Letter-Size | Assembled in North America</p><p> -14% 0FF </p><p>$76.99</p><a href="https://www.amazon.com/dp/B0033J6V3A?tag=eloabder-20&linkCode=osi&th=1&psc=1">View Product</a></div><div class="product"><a href="https://www.amazon.com/dp/B0D9XYD75W?tag=eloabder-20&linkCode=osi&th=1&psc=1"><img src="https://m.media-amazon.com/images/I/31VM3xK++PL._SL500_.jpg" alt="Product Image"></a><p>BYNSOE 2 Drawer File Cabinet with Lock Vertical Filing Storage Cabinet Office Home Steel Vertical File Cabinets for Letter Size File Cabinet Locked,Assembly Required</p><p> -8% 0FF </p><p>$54.99</p><a href="https://www.amazon.com/dp/B0D9XYD75W?tag=eloabder-20&linkCode=osi&th=1&psc=1">View Product</a></div><div class="product"><a href="https://www.amazon.com/dp/B0989HLF81?tag=eloabder-20&linkCode=osi&th=1&psc=1"><img src="https://m.media-amazon.com/images/I/51vzgnkbcjL._SL500_.jpg" alt="Product Image"></a><p>DEVAISE 3 Drawer Mobile File Cabinet, Wood Lateral Filing Cabinet, Printer Stand with Open Shelves for Home Office, Rustic Brown</p><p> -21% 0FF </p><p>$74.99</p><a href="https://www.amazon.com/dp/B0989HLF81?tag=eloabder-20&linkCode=osi&th=1&psc=1">View Product</a></div>
<div class="product"><a href="https://www.amazon.com/dp/B00006RSQD?tag=eloabder-20&linkCode=osi&th=1&psc=1"><img src="https://m.media-amazon.com/images/I/315rez3KpeL._SL500_.jpg" alt="Product Image"></a><p>Bush Business Furniture Series C 36W Tall 5 Shelf Bookcase in Hansen Cherry, Large Storage and Display Bookshelf for Home or Professional Office</p><p> -8% 0FF </p><p>$239.49</p><a href="https://www.amazon.com/dp/B00006RSQD?tag=eloabder-20&linkCode=osi&th=1&psc=1">View Product</a></div>
<div class="product"><a href="https://www.amazon.com/dp/B09F6JPYSY?tag=eloabder-20&linkCode=osi&th=1&psc=1"><img src="https://m.media-amazon.com/images/I/51fGLH7lhHL._SL500_.jpg" alt="Product Image"></a><p>SPACELEAD Slim Storage Cart 3 Tier,Bathroom Organizer Rolling Utility,Mobile Shelving Unit Slide Out for Office, Kitchen, Laundry Room & Narrow Places,Black</p><p> -30% 0FF </p><p>$20.99</p><a href="https://www.amazon.com/dp/B09F6JPYSY?tag=eloabder-20&linkCode=osi&th=1&psc=1">View Product</a></div><div class="product"><a href="https://www.amazon.com/dp/B08KFTVGQY?tag=eloabder-20&linkCode=osi&th=1&psc=1"><img src="https://m.media-amazon.com/images/I/51BjUEmGaiL._SL500_.jpg" alt="Product Image"></a><p>SONGMICS Cube Storage Organizer, Set of 16 Plastic Cubes, Closet Organizers and Storage, Room Organization, Bedroom Living Room, 12.2 x 48.4 x 48.4 Inches, Rustic Brown ULPC442A01</p><p> -15% 0FF </p><p>$46.99</p><a href="https://www.amazon.com/dp/B08KFTVGQY?tag=eloabder-20&linkCode=osi&th=1&psc=1">View Product</a></div><div class="product"><a href="https://www.amazon.com/dp/B0DG359YX5?tag=eloabder-20&linkCode=osi&th=1&psc=1"><img src="https://m.media-amazon.com/images/I/41OBXL4HJdL._SL500_.jpg" alt="Product Image"></a><p>VIVO Clamp-on 13 inch Above or Below Desk 2-Tier Shelving Unit for Table Accessories, Gaming Devices, and More, Storage Tray, Desktop Organizer, Rustic Vintage Brown, STAND-SHELF2C-N</p><p> -20% 0FF </p><p>$39.99</p><a href="https://www.amazon.com/dp/B0DG359YX5?tag=eloabder-20&linkCode=osi&th=1&psc=1">View Product</a></div><div class="product"><a href="https://www.amazon.com/dp/B0D7S5GGP6?tag=eloabder-20&linkCode=osi&th=1&psc=1"><img src="https://m.media-amazon.com/images/I/51EriWG2BLL._SL500_.jpg" alt="Product Image"></a><p>C&AHOME Wire Cube Storage, 9 - Cube Organizer Metal C Grids, Modular Shelves Units, Closet Organizer, Ideal for Home, Office, Living Room, 36.6”L x 12.4”W x 48.4”H, Silver Gray UWCS3009G</p><p> -33% 0FF </p><p>$28.87</p><a href="https://www.amazon.com/dp/B0D7S5GGP6?tag=eloabder-20&linkCode=osi&th=1&psc=1">View Product</a></div>
<div class="product"><a href="https://www.amazon.com/dp/B0B1M6ML2J?tag=eloabder-20&linkCode=osi&th=1&psc=1"><img src="https://m.media-amazon.com/images/I/51pX2Qo38JL._SL500_.jpg" alt="Product Image"></a><p>WOWBOX 25 PCS Clear Plastic Drawer Organizer Set, 4 Sizes Desk Drawer Divider Organizers and Storage Bins for Makeup, Jewelry, Gadgets for Kitchen, Bedroom, Bathroom, Office</p><p> -35% 0FF </p><p>$16.13 ($0.65 / Count)</p><a href="https://www.amazon.com/dp/B0B1M6ML2J?tag=eloabder-20&linkCode=osi&th=1&psc=1">View Product</a></div><div class="product"><a href="https://www.amazon.com/dp/B0DB8F7GDN?tag=eloabder-20&linkCode=osi&th=1&psc=1"><img src="https://m.media-amazon.com/images/I/51iOtKHzvCL._SL500_.jpg" alt="Product Image"></a><p>OPNICE Desk Organizer and Accessories, 2-Tier Computer Monitor Stand Riser with Drawer and 2 Pen Holders, Laptop Stand, Office Desk Accessories for Office Supplies, Black</p><p> -27% 0FF </p><p>$21.99</p><a href="https://www.amazon.com/dp/B0DB8F7GDN?tag=eloabder-20&linkCode=osi&th=1&psc=1">View Product</a></div><div class="product"><a href="https://www.amazon.com/dp/B0FQ86P4M3?tag=eloabder-20&linkCode=osi&th=1&psc=1"><img src="https://m.media-amazon.com/images/I/41ZDdyGnPxL._SL500_.jpg" alt="Product Image"></a><p>Mind Reader 2-Tier Desk Organizer with Clamp, Accessory Shelf for Office or Gaming, Office, Metal, White</p><p> -5% 0FF </p><p>$37.99</p><a href="https://www.amazon.com/dp/B0FQ86P4M3?tag=eloabder-20&linkCode=osi&th=1&psc=1">View Product</a></div><div class="product"><a href="https://www.amazon.com/dp/B0BYDGF8DT?tag=eloabder-20&linkCode=osi&th=1&psc=1"><img src="https://m.media-amazon.com/images/I/51sE2GzgVNL._SL500_.jpg" alt="Product Image"></a><p>OPNICE Desk Organizer and Accessories, 4-Tier Desktop File Organizer with Drawer and 2 Pen Holders, Office Desk Accessories, Workspace Organizers for Office Supplies(Black)</p><p> -33% 0FF </p><p>$19.99</p><a href="https://www.amazon.com/dp/B0BYDGF8DT?tag=eloabder-20&linkCode=osi&th=1&psc=1">View Product</a></div><div class="product"><a href="https://www.amazon.com/dp/B0DJKSMV2T?tag=eloabder-20&linkCode=osi&th=1&psc=1"><img src="https://m.media-amazon.com/images/I/41gO3CCIg1L._SL500_.jpg" alt="Product Image"></a><p>gianotter Dual Monitor Stand Riser, Desk Organizer With Drawer and 2 Pen Holders, Computer Monitor Stand, Shelf for Top of Desk, Black</p><p> -28% 0FF </p><p>$25.99</p><a href="https://www.amazon.com/dp/B0DJKSMV2T?tag=eloabder-20&linkCode=osi&th=1&psc=1">View Product</a></div><div class="product"><a href="https://www.amazon.com/dp/B0BWTT3WK1?tag=eloabder-20&linkCode=osi&th=1&psc=1"><img src="https://m.media-amazon.com/images/I/51JTe2SjicL._SL500_.jpg" alt="Product Image"></a><p>gianotter Desk Organizers and Accessories with File Holder, 4-Tier Desk Accessories & Workspace Organizers with Drawer and 2 Pen Holder, Paper Organizer for Office Supplies (Rose Gold)</p><p> -27% 0FF </p><p>$23.99</p><a href="https://www.amazon.com/dp/B0BWTT3WK1?tag=eloabder-20&linkCode=osi&th=1&psc=1">View Product</a></div><div class="product"><a href="https://www.amazon.com/dp/B09QKDY1YY?tag=eloabder-20&linkCode=osi&th=1&psc=1"><img src="https://m.media-amazon.com/images/I/519UVM73B6L._SL500_.jpg" alt="Product Image"></a><p>Supeasy 5 Trays Paper Organizer Letter Tray with Handle-Mesh Desk File Organizer, Paper Sorter Desk Organizer for Office, Home or School</p><p> -17% 0FF </p><p>$19.99</p><a href="https://www.amazon.com/dp/B09QKDY1YY?tag=eloabder-20&linkCode=osi&th=1&psc=1">View Product</a></div><div class="product"><a href="https://www.amazon.com/dp/B08PBFKGJG?tag=eloabder-20&linkCode=osi&th=1&psc=1"><img src="https://m.media-amazon.com/images/I/61WfW0WLsqL._SL500_.jpg" alt="Product Image"></a><p>Marbrasse 6 Tier Paper Organizer Letter Tray - Mesh Desk File Organizer with Handle, Paper Sorter Organizer for Letter/A4 Office File Folder Holder - Black</p><p> -23% 0FF </p><p>$19.98</p><a href="https://www.amazon.com/dp/B08PBFKGJG?tag=eloabder-20&linkCode=osi&th=1&psc=1">View Product</a></div><div class="product"><a href="https://www.amazon.com/dp/B09K5927B5?tag=eloabder-20&linkCode=osi&th=1&psc=1"><img src="https://m.media-amazon.com/images/I/51u5tZ4jR6L._SL500_.jpg" alt="Product Image"></a><p>Marbrasse Desk Organizer with File Holder, 5-Tier Paper Letter Tray Organizer with Drawer and 2 Pen Holder, Mesh Desktop Organizer and Storage with Magazine Holder for Office Supplies(Black)</p><p> -24% 0FF </p><p>$33.99</p><a href="https://www.amazon.com/dp/B09K5927B5?tag=eloabder-20&linkCode=osi&th=1&psc=1">View Product</a></div>
<div class="product"><a href="https://www.amazon.com/dp/B0CNXF7SVS?tag=eloabder-20&linkCode=osi&th=1&psc=1"><img src="https://m.media-amazon.com/images/I/51a6EswyTZL._SL500_.jpg" alt="Product Image"></a><p>Manalete Drawer Organizers Set of 15, 4 Sizes Clear Plastic Drawer Organizers and Storage Bins for Kitchen, Bathroom, Office, Dresser Desk Drawer Organizer Tray for Jewelry, Makeup, Junk, Gadgets</p><p> -29% 0FF </p><p>$9.99</p><a href="https://www.amazon.com/dp/B0CNXF7SVS?tag=eloabder-20&linkCode=osi&th=1&psc=1">View Product</a></div><div class="product"><a href="https://www.amazon.com/dp/B0CCY5X6SS?tag=eloabder-20&linkCode=osi&th=1&psc=1"><img src="https://m.media-amazon.com/images/I/41Iye-vPXJL._SL500_.jpg" alt="Product Image"></a><p>Bamboo Drawer Organizer Set, 5 PCS Multi-Use Individual Wood Storage Organizers, Junk Drawer Divider and Storage Trays Containers for Kitchen, Bathroom, Office Desk, Makeup, Jewelry, Utensils</p><p> -20% 0FF </p><p>$19.99 ($4.00 / Count)</p><a href="https://www.amazon.com/dp/B0CCY5X6SS?tag=eloabder-20&linkCode=osi&th=1&psc=1">View Product</a></div><div class="product"><a href="https://www.amazon.com/dp/B0CCDJQ7MM?tag=eloabder-20&linkCode=osi&th=1&psc=1"><img src="https://m.media-amazon.com/images/I/51kU0WJxdsL._SL500_.jpg" alt="Product Image"></a><p>Marbrasse Expandable Desk Drawer Organizer, Mesh Drawer Organizer Tray with 10 Adjustable Compartments, Desk Organizers and Accessories, 5 Dividers Drawer for Office Supplies, Makeup & Vanity (Black)</p><p> -15% 0FF </p><p>$17.84</p><a href="https://www.amazon.com/dp/B0CCDJQ7MM?tag=eloabder-20&linkCode=osi&th=1&psc=1">View Product</a></div><div class="product"><a href="https://www.amazon.com/dp/B0DM27MBZN?tag=eloabder-20&linkCode=osi&th=1&psc=1"><img src="https://m.media-amazon.com/images/I/41hAfSMnrZL._SL500_.jpg" alt="Product Image"></a><p>ElegantArray 12 PCS Drawer Organizer Set, 4 Sizes Storage Drawer Units, Clear Plastic Makeup Vanity Organizer and Storage Bins for Makeup, Stationeries, Multiple Gadgets for Bathroom, Office, Bedroom</p><p> -31% 0FF </p><p>$8.99</p><a href="https://www.amazon.com/dp/B0DM27MBZN?tag=eloabder-20&linkCode=osi&th=1&psc=1">View Product</a></div>
<div class="product"><a href="https://www.amazon.com/dp/B0C4T42TPC?tag=eloabder-20&linkCode=osi&th=1&psc=1"><img src="https://m.media-amazon.com/images/I/318IsyAsPXL._SL500_.jpg" alt="Product Image"></a><p>Adjustable Mobile CPU Stand, Ventilated Computer Tower Stand with 4 Caster Wheels Fits Most PC Tower, Under Desk CPU Holder PC Floor Cart Computer Riser for Gamers and Students (Black)</p><p> -21% 0FF </p><p>$14.21</p><a href="https://www.amazon.com/dp/B0C4T42TPC?tag=eloabder-20&linkCode=osi&th=1&psc=1">View Product</a></div><div class="product"><a href="https://www.amazon.com/dp/B094QTGHNZ?tag=eloabder-20&linkCode=osi&th=1&psc=1"><img src="https://m.media-amazon.com/images/I/31VzBQ+jwWL._SL500_.jpg" alt="Product Image"></a><p>WALI Computer Monitor Stand for Desk, Adjustable Laptop Riser, Desk Monitor Stand Underneath Storage for Office, Home, School Supplies (STT003), 1 Pack, Black</p><p> -32% 0FF </p><p>$16.99</p><a href="https://www.amazon.com/dp/B094QTGHNZ?tag=eloabder-20&linkCode=osi&th=1&psc=1">View Product</a></div><div class="product"><a href="https://www.amazon.com/dp/B07H4DMLVH?tag=eloabder-20&linkCode=osi&th=1&psc=1"><img src="https://m.media-amazon.com/images/I/31eTfKhpSWL._SL500_.jpg" alt="Product Image"></a><p>HUANUO Monitor Stand, Monitor Stand Riser 3 Height Adjustable, Monitor Riser with Airflow Vents, Laptop Stand for Desk, Laptop Riser, Desk Organizer for Monitor, 15.6" Laptop, PC, Printer</p><p> -11% 0FF </p><p>$15.19</p><a href="https://www.amazon.com/dp/B07H4DMLVH?tag=eloabder-20&linkCode=osi&th=1&psc=1">View Product</a></div><div class="product"><a href="https://www.amazon.com/dp/B0D69W6H91?tag=eloabder-20&linkCode=osi&th=1&psc=1"><img src="https://m.media-amazon.com/images/I/51rQI+gi3lL._SL500_.jpg" alt="Product Image"></a><p>JANE EYRE Computer Tower Stand - Adjustable PC Tower Stand CPU Holder Cart with Charging Station for Office Home Classroom,23.03"-28.3" H, black</p><p> -10% 0FF </p><p>$53.99</p><a href="https://www.amazon.com/dp/B0D69W6H91?tag=eloabder-20&linkCode=osi&th=1&psc=1">View Product</a></div><div class="product"><a href="https://www.amazon.com/dp/B0C4T34L9Y?tag=eloabder-20&linkCode=osi&th=1&psc=1"><img src="https://m.media-amazon.com/images/I/51BNMGXNOEL._SL500_.jpg" alt="Product Image"></a><p>BONTEC Wooden Monitor Stand Riser, 2-Tier Desk Shelf with Storage Organizer, Ergonomic Computer Stand with Cable Management, Cellphone Holder, White, 16.5 Inch</p><p> -33% 0FF </p><p>$18.04</p><a href="https://www.amazon.com/dp/B0C4T34L9Y?tag=eloabder-20&linkCode=osi&th=1&psc=1">View Product</a></div><div class="product"><a href="https://www.amazon.com/dp/B08BRCT4JH?tag=eloabder-20&linkCode=osi&th=1&psc=1"><img src="https://m.media-amazon.com/images/I/41Ga6A+cXbL._SL500_.jpg" alt="Product Image"></a><p>BESIGN LS03 Aluminum Laptop Stand, Ergonomic Detachable Computer Stand, Notebook Riser Compatible with Air, Pro, Dell, HP, Lenovo More 10-15.6" Laptops, Silver</p><p> -25% 0FF </p><p>$14.98</p><a href="https://www.amazon.com/dp/B08BRCT4JH?tag=eloabder-20&linkCode=osi&th=1&psc=1">View Product</a></div>
<div class="product"><a href="https://www.amazon.com/dp/B07Q79ZZJ6?tag=eloabder-20&linkCode=osi&th=1&psc=1"><img src="https://m.media-amazon.com/images/I/31-LBzENQIL._SL500_.jpg" alt="Product Image"></a><p>Single LCD Computer Monitor Free-Standing Desk Stand Mount Riser for 13 inch to 32 inch screen with Swivel, Height Adjustable, Rotation, Vesa Base Stand Holds One (1) Screen up to 77Lbs(HT05B-001))</p><p> -34% 0FF </p><p>$21.99</p><a href="https://www.amazon.com/dp/B07Q79ZZJ6?tag=eloabder-20&linkCode=osi&th=1&psc=1">View Product</a></div><div class="product"><a href="https://www.amazon.com/dp/B082845XM8?tag=eloabder-20&linkCode=osi&th=1&psc=1"><img src="https://m.media-amazon.com/images/I/41uRH1B7HgL._SL500_.jpg" alt="Product Image"></a><p>Dual Monitor Stand - Vertical Stack Screen Free-Standing Monitor Riser Fits Two 13 to 34 Inch Screen with Swivel, Tilt, Height Adjustable, Holds One (1) Screen Up to 44Lbs</p><p> -5% 0FF </p><p>$31.56</p><a href="https://www.amazon.com/dp/B082845XM8?tag=eloabder-20&linkCode=osi&th=1&psc=1">View Product</a></div><div class="product"><a href="https://www.amazon.com/dp/B00X4SCCFG?tag=eloabder-20&linkCode=osi&th=1&psc=1"><img src="https://m.media-amazon.com/images/I/21X2klzUZGL._SL500_.jpg" alt="Product Image"></a><p>Amazon Basics Height Adjustable Rectangular Computer Monitor Riser Desk Stand with Storage for Reduced Neck Strain - Fits Monitors, Laptops Up to 22lbs, Black</p><p> -35% 0FF </p><p>$14.06</p><a href="https://www.amazon.com/dp/B00X4SCCFG?tag=eloabder-20&linkCode=osi&th=1&psc=1">View Product</a></div>
<div class="product"><a href="https://www.amazon.com/dp/B07HFDJCSL?tag=eloabder-20&linkCode=osi&th=1&psc=1"><img src="https://m.media-amazon.com/images/I/41DR7qY1naL._SL500_.jpg" alt="Product Image"></a><p>VIVO Large Keyboard Tray Under Desk Pull Out with Extra Sturdy C Clamp Mount System, 27 (33 Including Clamps) x 11 Inch Slide-Out Platform Computer Drawer for Typing, Black, MOUNT-KB05E</p><p> -17% 0FF </p><p>$49.99</p><a href="https://www.amazon.com/dp/B07HFDJCSL?tag=eloabder-20&linkCode=osi&th=1&psc=1">View Product</a></div><div class="product"><a href="https://www.amazon.com/dp/B082NKBM62?tag=eloabder-20&linkCode=osi&th=1&psc=1"><img src="https://m.media-amazon.com/images/I/41qQ3p9-mrL._SL500_.jpg" alt="Product Image"></a><p>HUANUO Keyboard Tray Under Desk, 360 Adjustable Ergonomic Sliding Keyboard & Mouse Tray, Under Desk Keyboard Tray Slide Out, Keyboard Holder Under Desk for Typing in Home, Office Work, 25"W x 9.84"D</p><p> -33% 0FF </p><p>$59.98</p><a href="https://www.amazon.com/dp/B082NKBM62?tag=eloabder-20&linkCode=osi&th=1&psc=1">View Product</a></div><div class="product"><a href="https://www.amazon.com/dp/B0F23GTKHL?tag=eloabder-20&linkCode=osi&th=1&psc=1"><img src="https://m.media-amazon.com/images/I/41dmHoeznDL._SL500_.jpg" alt="Product Image"></a><p>Zontera Ergonomic Mouse & Keyboard Tray Under Desk, Pull Out with Adjustable C-clamp, 20 (25.9 Including Clamps) x 11.8 Inch Slide Out Computer Keyboard Drawer Mouse Tray for Typing, Black</p><p> -7% 0FF </p><p>$25.99</p><a href="https://www.amazon.com/dp/B0F23GTKHL?tag=eloabder-20&linkCode=osi&th=1&psc=1">View Product</a></div><div class="product"><a href="https://www.amazon.com/dp/B01IIGMBVI?tag=eloabder-20&linkCode=osi&th=1&psc=1"><img src="https://m.media-amazon.com/images/I/21Vw8003F0L._SL500_.jpg" alt="Product Image"></a><p>Alera ALE Valencia Series Underdesk Keyboard/Mouse Shelf, 28w x 12d, Black</p><p> -50% 0FF </p><p>$29.22</p><a href="https://www.amazon.com/dp/B01IIGMBVI?tag=eloabder-20&linkCode=osi&th=1&psc=1">View Product</a></div>
<div class="product"><a href="https://www.amazon.com/dp/B07C3XZMC6?tag=eloabder-20&linkCode=osi&th=1&psc=1"><img src="https://m.media-amazon.com/images/I/31Eojf7glwL._SL500_.jpg" alt="Product Image"></a><p>JIKIOU 3 Pack Mouse Pad with Stitched Edge, Comfortable Mouse Pads with Non-Slip Rubber Base, Washable Mousepads Bulk with Comfortable Cloth, Mouse Pads for Computers Laptop Mouse 10.2x8.3inch Black</p><p> -29% 0FF </p><p>$7.99</p><a href="https://www.amazon.com/dp/B07C3XZMC6?tag=eloabder-20&linkCode=osi&th=1&psc=1">View Product</a></div><div class="product"><a href="https://www.amazon.com/dp/B085XRMSTT?tag=eloabder-20&linkCode=osi&th=1&psc=1"><img src="https://m.media-amazon.com/images/I/31aDSI0sFoL._SL500_.jpg" alt="Product Image"></a><p>EooCoo Ergonomic Mouse Pad with Wrist Support, Mousepad with Memory Foam Wrist Rest and Non-Slip Base for Computer, Cafe, Home & Office, 9.64 x 8.26 in Office Desk Accessories</p><p> -36% 0FF </p><p>$6.99</p><a href="https://www.amazon.com/dp/B085XRMSTT?tag=eloabder-20&linkCode=osi&th=1&psc=1">View Product</a></div>
<div class="product"><a href="https://www.amazon.com/dp/B0BRCJL4MM?tag=eloabder-20&linkCode=osi&th=1&psc=1"><img src="https://m.media-amazon.com/images/I/41sggzaNbPL._SL500_.jpg" alt="Product Image"></a><p>Led Desk Lamp for Office Home - Eye Caring Architect lamp with Clamp,Dual Screen Computer Monitor Gooseneck Smart Light: 24W 5 Color Flexible Adjustable Lighting Table Lamp for Study Drafting</p><p> -13% 0FF </p><p>$69.99</p><a href="https://www.amazon.com/dp/B0BRCJL4MM?tag=eloabder-20&linkCode=osi&th=1&psc=1">View Product</a></div><div class="product"><a href="https://www.amazon.com/dp/B0BNHNG5CY?tag=eloabder-20&linkCode=osi&th=1&psc=1"><img src="https://m.media-amazon.com/images/I/51ccmdZe2YL._SL500_.jpg" alt="Product Image"></a><p>Micomlan Led Desk Lamp with Clamp, Architect Desk Lamp for Home Office with Atmosphere Lighting, 24W Ultra Bright Auto Dimming Computer Light Stepless Dimming and Tempering LED Table Light</p><p> -27% 0FF </p><p>$49.99</p><a href="https://www.amazon.com/dp/B0BNHNG5CY?tag=eloabder-20&linkCode=osi&th=1&psc=1">View Product</a></div><div class="product"><a href="https://www.amazon.com/dp/B078W61H9P?tag=eloabder-20&linkCode=osi&th=1&psc=1"><img src="https://m.media-amazon.com/images/I/31aebwb3nqL._SL500_.jpg" alt="Product Image"></a><p>LEPOWER Metal Desk Lamp, Eye-Caring Table Lamp, Study Lamps with Flexible Goose Neck for Bedroom, Home Office (Matte Black)</p><p> -24% 0FF </p><p>$24.99</p><a href="https://www.amazon.com/dp/B078W61H9P?tag=eloabder-20&linkCode=osi&th=1&psc=1">View Product</a></div><div class="product"><a href="https://www.amazon.com/dp/B0D1DLY4H4?tag=eloabder-20&linkCode=osi&th=1&psc=1"><img src="https://m.media-amazon.com/images/I/41sKiuSIwRL._SL500_.jpg" alt="Product Image"></a><p>SKYLEO Led Desk Lamp - Desk Light for 31.5" Tall - 5 Color Modes X 11 Brightness Levels - Adjustable Swing Arm - Timmer & Memory Function - 12W Lamp for Desk - Black</p><p> -23% 0FF </p><p>$19.99</p><a href="https://www.amazon.com/dp/B0D1DLY4H4?tag=eloabder-20&linkCode=osi&th=1&psc=1">View Product</a></div><div class="product"><a href="https://www.amazon.com/dp/B0D2LGK82V?tag=eloabder-20&linkCode=osi&th=1&psc=1"><img src="https://m.media-amazon.com/images/I/41UpQ-qygDL._SL500_.jpg" alt="Product Image"></a><p>Addtam LED Desk Lamp, Power Strip with 3 Outlets 4 USB Charging Ports(2 USBC), 4 Modes 5 Level Brightness Touch Lamp, Small Desk Lamp for Home Office College Dorm Room Essentials</p><p> -23% 0FF </p><p>$16.99</p><a href="https://www.amazon.com/dp/B0D2LGK82V?tag=eloabder-20&linkCode=osi&th=1&psc=1">View Product</a></div><div class="product"><a href="https://www.amazon.com/dp/B08LMTQ7ZF?tag=eloabder-20&linkCode=osi&th=1&psc=1"><img src="https://m.media-amazon.com/images/I/21vKPX2KHML._SL500_.jpg" alt="Product Image"></a><p>Lepro LED Desk Lamp for Home Office, 9.5W 750LM Metal Touch Control Desk Light, 5 Color Modes 5 Brightness Level, Eye Caring Task Lamp For Reading, Sewing, Crafts, School Supplies, Puzzle Light, Black</p><p> -13% 0FF </p><p>$24.99</p><a href="https://www.amazon.com/dp/B08LMTQ7ZF?tag=eloabder-20&linkCode=osi&th=1&psc=1">View Product</a></div>
<div class="product"><a href="https://www.amazon.com/dp/B0D7BXNDP4?tag=eloabder-20&linkCode=osi&th=1&psc=1"><img src="https://m.media-amazon.com/images/I/41DuEunZ1+L._SL500_.jpg" alt="Product Image"></a><p>Monitor Fan with Clamp & Light Bar Desk Lamp with fan for Office mini Desk fan small quiet with lamp for PC Laptops Tablet for Home Office Portable Working Reading Stand Lamp</p><p> -5% 0FF </p><p>$15.19</p><a href="https://www.amazon.com/dp/B0D7BXNDP4?tag=eloabder-20&linkCode=osi&th=1&psc=1">View Product</a></div><div class="product"><a href="https://www.amazon.com/dp/B07K1D41DC?tag=eloabder-20&linkCode=osi&th=1&psc=1"><img src="https://m.media-amazon.com/images/I/310MAouNV-L._SL500_.jpg" alt="Product Image"></a><p>OttLite Cool Breeze LED Lamp with Bladeless Fan - 3 Speed Options & 5 Brightness Settings with Energy Efficient Natural Daylight LEDs - Desktop, Table or Nightstand Lamp for Studying or Reading</p><p> -14% 0FF </p><p>$89.98</p><a href="https://www.amazon.com/dp/B07K1D41DC?tag=eloabder-20&linkCode=osi&th=1&psc=1">View Product</a></div>
<div class="product"><a href="https://www.amazon.com/dp/B0CXSXL1F2?tag=eloabder-20&linkCode=osi&th=1&psc=1"><img src="https://m.media-amazon.com/images/I/41H6cndt7iL._SL500_.jpg" alt="Product Image"></a><p>9 Pack Lined Sticky Notes 4x6 in Post Sticky Notes with Lines, 9 Bright Colors Self Sticky Notes Pad Its, Large Ruled Sticky Note for Office, Home, 35 Sheets/Pad</p><p> -33% 0FF </p><p>$7.99</p><a href="https://www.amazon.com/dp/B0CXSXL1F2?tag=eloabder-20&linkCode=osi&th=1&psc=1">View Product</a></div><div class="product"><a href="https://www.amazon.com/dp/B019QROV9S?tag=eloabder-20&linkCode=osi&th=1&psc=1"><img src="https://m.media-amazon.com/images/I/51OsStyntzL._SL500_.jpg" alt="Product Image"></a><p>Sharpie Clear View Highlighter Sticks, Chisel Tip, Assorted Fluorescent, 8 Count - School, Home, and Office Use, Teacher Supplies</p><p> -23% 0FF </p><p>$13.86</p><a href="https://www.amazon.com/dp/B019QROV9S?tag=eloabder-20&linkCode=osi&th=1&psc=1">View Product</a></div>
<div class="product"><a href="https://www.amazon.com/dp/B082PN4X5J?tag=eloabder-20&linkCode=osi&th=1&psc=1"><img src="https://m.media-amazon.com/images/I/51o+eA8g6nL._SL500_.jpg" alt="Product Image"></a><p>Sharpie S-Gel Gel Pens, Black Barrel, Medium Point (0.7mm), Black Gel Ink Pens, 12 Count - Home, Office, School, Journaling, Writing, Note-Taking, Teacher Supplies</p><p> -14% 0FF </p><p>$11.97</p><a href="https://www.amazon.com/dp/B082PN4X5J?tag=eloabder-20&linkCode=osi&th=1&psc=1">View Product</a></div><div class="product"><a href="https://www.amazon.com/dp/B0C9W8DD9S?tag=eloabder-20&linkCode=osi&th=1&psc=1"><img src="https://m.media-amazon.com/images/I/41mdSvEwNZL._SL500_.jpg" alt="Product Image"></a><p>Ddaowanx Gel Pens, 6 Pcs 0.5mm Quick Dry Black Ink Pens Fine Point Smooth Writing Pens, Cute Office School Supplies Gifts for Women</p><p> -10% 0FF </p><p>$8.99</p><a href="https://www.amazon.com/dp/B0C9W8DD9S?tag=eloabder-20&linkCode=osi&th=1&psc=1">View Product</a></div><div class="product"><a href="https://www.amazon.com/dp/B019QBOG3U?tag=eloabder-20&linkCode=osi&th=1&psc=1"><img src="https://m.media-amazon.com/images/I/416PjSebDoL._SL500_.jpg" alt="Product Image"></a><p>Paper Mate Colorful Gel Pens - InkJoy Gel Pens Assorted Medium Point (0.7). Perfect for Vibrant Colored Writing and Sketching with Paper Mate InkJoy 14 Count</p><p> -18% 0FF </p><p>$10.31</p><a href="https://www.amazon.com/dp/B019QBOG3U?tag=eloabder-20&linkCode=osi&th=1&psc=1">View Product</a></div><div class="product"><a href="https://www.amazon.com/dp/B0C73JDN4S?tag=eloabder-20&linkCode=osi&th=1&psc=1"><img src="https://m.media-amazon.com/images/I/51DJUUxL7HL._SL500_.jpg" alt="Product Image"></a><p>Linbsunne Ballpoint Pens Black Medium Point 1mm Pen with Super Soft Grip Ball Point Pen for Men Women Retractable Pens (gold-12 pcs)</p><p> -10% 0FF </p><p>$8.99</p><a href="https://www.amazon.com/dp/B0C73JDN4S?tag=eloabder-20&linkCode=osi&th=1&psc=1">View Product</a></div><div class="product"><a href="https://www.amazon.com/dp/B001OTA66O?tag=eloabder-20&linkCode=osi&th=1&psc=1"><img src="https://m.media-amazon.com/images/I/41yS5tBZQLL._SL500_.jpg" alt="Product Image"></a><p>BIC Glide Black Retractable Ballpoint Pens, Medium Point (1.0mm), 4-Count Pack, Ultra Smooth Writing Black Pens</p><p> -40% 0FF </p><p>$2.99</p><a href="https://www.amazon.com/dp/B001OTA66O?tag=eloabder-20&linkCode=osi&th=1&psc=1">View Product</a></div>
<div class="product"><a href="https://www.amazon.com/dp/B002HVXXCW?tag=eloabder-20&linkCode=osi&th=1&psc=1"><img src="https://m.media-amazon.com/images/I/41JeEedXCeL._SL500_.jpg" alt="Product Image"></a><p>Ticonderoga Wood-Cased Pencils, Pre-Sharpened, 2 HB Soft, Yellow, 10 Count</p><p> -58% 0FF </p><p>$2.49</p><a href="https://www.amazon.com/dp/B002HVXXCW?tag=eloabder-20&linkCode=osi&th=1&psc=1">View Product</a></div><div class="product"><a href="https://www.amazon.com/dp/B077Q4B6YN?tag=eloabder-20&linkCode=osi&th=1&psc=1"><img src="https://m.media-amazon.com/images/I/4160YcHGDNL._SL500_.jpg" alt="Product Image"></a><p>Paper Mate 2017483 Mechanical Pencils for Handwriting, Triangular, 5/PK, AST</p><p> -45% 0FF </p><p>$3.47</p><a href="https://www.amazon.com/dp/B077Q4B6YN?tag=eloabder-20&linkCode=osi&th=1&psc=1">View Product</a></div>
<div class="product"><a href="https://www.amazon.com/dp/B0D7YTZNRF?tag=eloabder-20&linkCode=osi&th=1&psc=1"><img src="https://m.media-amazon.com/images/I/41hSbSlNAmL._SL500_.jpg" alt="Product Image"></a><p>YASNAY Alcohol Markers, 48 Colors Dual Tip Art Marker, Drawing Markers, Coloring Marker for Kids Sketching Adult Coloring</p><p> -27% 0FF </p><p>$10.99</p><a href="https://www.amazon.com/dp/B0D7YTZNRF?tag=eloabder-20&linkCode=osi&th=1&psc=1">View Product</a></div><div class="product"><a href="https://www.amazon.com/dp/B07CJ8QXF8?tag=eloabder-20&linkCode=osi&th=1&psc=1"><img src="https://m.media-amazon.com/images/I/51bChi4-H4L._SL500_.jpg" alt="Product Image"></a><p>Dual Markers Brush Pens, 36 Fine Point Art Marker, Double Tip Colored Pen for Adult Coloring Hand Lettering, School Classroom Art Suppliers</p><p> -20% 0FF </p><p>$7.98</p><a href="https://www.amazon.com/dp/B07CJ8QXF8?tag=eloabder-20&linkCode=osi&th=1&psc=1">View Product</a></div><div class="product"><a href="https://www.amazon.com/dp/B071CP6X88?tag=eloabder-20&linkCode=osi&th=1&psc=1"><img src="https://m.media-amazon.com/images/I/41sNeEYkTNL._SL500_.jpg" alt="Product Image"></a><p>Crayola Super Tips Marker Set for Kids (100ct), Broad Tip & Fine Point Washable Art Markers for Kids, Bulk School Supplies, Teacher Classroom Must Haves, Drawing Supplies</p><p> -19% 0FF </p><p>$16.29</p><a href="https://www.amazon.com/dp/B071CP6X88?tag=eloabder-20&linkCode=osi&th=1&psc=1">View Product</a></div><div class="product"><a href="https://www.amazon.com/dp/B08MBFPFCQ?tag=eloabder-20&linkCode=osi&th=1&psc=1"><img src="https://m.media-amazon.com/images/I/51DaGL7Z4oL._SL500_.jpg" alt="Product Image"></a><p>Sharpie Permanent Markers Variety Pack, Includes Chisel, Fine, and Ultra-Fine Tips, Marker Set, Writing, Coloring, Poster, Office, School Supplies, Black, 6 Count</p><p> -19% 0FF </p><p>$4.63 ($0.77 / Count)</p><a href="https://www.amazon.com/dp/B08MBFPFCQ?tag=eloabder-20&linkCode=osi&th=1&psc=1">View Product</a></div>
<div class="product"><a href="https://www.amazon.com/dp/B09Y2KJ2KX?tag=eloabder-20&linkCode=osi&th=1&psc=1"><img src="https://m.media-amazon.com/images/I/41EhQr7suML._SL500_.jpg" alt="Product Image"></a><p>Sharpie Pocket Highlighters, Mild Pastel Colors, Assorted, Chisel Tip, 12 Count - School, Home, and Office Use, Teacher Supplies</p><p> -22% 0FF </p><p>$7.76 ($0.65 / Count)</p><a href="https://www.amazon.com/dp/B09Y2KJ2KX?tag=eloabder-20&linkCode=osi&th=1&psc=1">View Product</a></div><div class="product"><a href="https://www.amazon.com/dp/B08698MJWT?tag=eloabder-20&linkCode=osi&th=1&psc=1"><img src="https://m.media-amazon.com/images/I/512N7aYt5oL._SL500_.jpg" alt="Product Image"></a><p>Sharpie S-Note Creative Markers, Pastel Highlighters, Art Marker Set, Assorted Colors, Chisel Tip, 24 Count - School, Home, and Office Use, Teacher Supplies</p><p> -60% 0FF </p><p>$8.83</p><a href="https://www.amazon.com/dp/B08698MJWT?tag=eloabder-20&linkCode=osi&th=1&psc=1">View Product</a></div>
<div class="product"><a href="https://www.amazon.com/dp/B097DPQPYN?tag=eloabder-20&linkCode=osi&th=1&psc=1"><img src="https://m.media-amazon.com/images/I/51nFyQPtfkL._SL500_.jpg" alt="Product Image"></a><p>Sonuimy Pencil Sharpeners, 4 Pcs Pencil Sharpeners Manual,Dual Holes Compact Colored Handheld Pencil Sharpener for Kids with Lid Adults Students School Class Home Office (Covered)</p><p> -13% 0FF </p><p>$4.49</p><a href="https://www.amazon.com/dp/B097DPQPYN?tag=eloabder-20&linkCode=osi&th=1&psc=1">View Product</a></div><div class="product"><a href="https://www.amazon.com/dp/B000MFN1G8?tag=eloabder-20&linkCode=osi&th=1&psc=1"><img src="https://m.media-amazon.com/images/I/41JPflroUEL._SL500_.jpg" alt="Product Image"></a><p>Compact Desktop Electric Pencil Sharpener, Black, Sold as 1 Each</p><p> -21% 0FF </p><p>$15.89</p><a href="https://www.amazon.com/dp/B000MFN1G8?tag=eloabder-20&linkCode=osi&th=1&psc=1">View Product</a></div><div class="product"><a href="https://www.amazon.com/dp/B00125KXGI?tag=eloabder-20&linkCode=osi&th=1&psc=1"><img src="https://m.media-amazon.com/images/I/51avY0bZv6L._SL500_.jpg" alt="Product Image"></a><p>Bostitch Office Personal Electric Pencil Sharpener, Powerful Stall-Free Motor, High Capacity Shavings Tray, Blue</p><p> -13% 0FF </p><p>$17.48</p><a href="https://www.amazon.com/dp/B00125KXGI?tag=eloabder-20&linkCode=osi&th=1&psc=1">View Product</a></div><div class="product"><a href="https://www.amazon.com/dp/B078DZY9Z5?tag=eloabder-20&linkCode=osi&th=1&psc=1"><img src="https://m.media-amazon.com/images/I/41KbUFGrXfL._SL500_.jpg" alt="Product Image"></a><p>JARLINK Electric Pencil Sharpener, Heavy-Duty Helical Blade to Fast Sharpen, Auto Stop for No.2/Colored Pencils(6-8mm), AC Adapter/Battery Operated in School Classroom/Office/Home (Black)</p><p> -21% 0FF </p><p>$16.98</p><a href="https://www.amazon.com/dp/B078DZY9Z5?tag=eloabder-20&linkCode=osi&th=1&psc=1">View Product</a></div><div class="product"><a href="https://www.amazon.com/dp/B08DLXH86D?tag=eloabder-20&linkCode=osi&th=1&psc=1"><img src="https://m.media-amazon.com/images/I/41UghsnBycL._SL500_.jpg" alt="Product Image"></a><p>Aogwat Pencil Sharpener Electric Pencil Sharpener for Kids, Blade to Fast Sharpen, Suitable for No.2/School/Classroom/Office/Home (Black)</p><p> -23% 0FF </p><p>$9.99</p><a href="https://www.amazon.com/dp/B08DLXH86D?tag=eloabder-20&linkCode=osi&th=1&psc=1">View Product</a></div><div class="product"><a href="https://www.amazon.com/dp/B000GP0VIU?tag=eloabder-20&linkCode=osi&th=1&psc=1"><img src="https://m.media-amazon.com/images/I/318OKKSwzbL._SL500_.jpg" alt="Product Image"></a><p>Bostitch Office Wall Mount Manual Pencil Sharpener, Tip Saver, 8 Hole Dial, 6X Longer Cutter Life, Vertical or Horizontal Mounting Black (MPS1-BLK)</p><p> -9% 0FF </p><p>$13.18</p><a href="https://www.amazon.com/dp/B000GP0VIU?tag=eloabder-20&linkCode=osi&th=1&psc=1">View Product</a></div>
<div class="product"><a href="https://www.amazon.com/dp/B00094H4LU?tag=eloabder-20&linkCode=osi&th=1&psc=1"><img src="https://m.media-amazon.com/images/I/41f-fbZYU1L._SL500_.jpg" alt="Product Image"></a><p>Paper Mate Erasers | Pink Pearl Large Erasers 12 Count</p><p> -55% 0FF </p><p>$6.03</p><a href="https://www.amazon.com/dp/B00094H4LU?tag=eloabder-20&linkCode=osi&th=1&psc=1">View Product</a></div><div class="product"><a href="https://www.amazon.com/dp/B07DPVVMWB?tag=eloabder-20&linkCode=osi&th=1&psc=1"><img src="https://m.media-amazon.com/images/I/51wLlsENgiL._SL500_.jpg" alt="Product Image"></a><p>Mr. Pen Erasers for Pencils, 120 Pack, Pencil Top Erasers, Eraser Caps, Cap Tops, Topper Erasers. Ereaser</p><p> -24% 0FF </p><p>$5.95</p><a href="https://www.amazon.com/dp/B07DPVVMWB?tag=eloabder-20&linkCode=osi&th=1&psc=1">View Product</a></div><div class="product"><a href="https://www.amazon.com/dp/B07144DC8V?tag=eloabder-20&linkCode=osi&th=1&psc=1"><img src="https://m.media-amazon.com/images/I/51Ed1+HW9cL._SL500_.jpg" alt="Product Image"></a><p>Pentel Hi-Polymer Block Eraser, White, 10/Box (ZEH10PC10)</p><p> -44% 0FF </p><p>$9.99</p><a href="https://www.amazon.com/dp/B07144DC8V?tag=eloabder-20&linkCode=osi&th=1&psc=1">View Product</a></div><div class="product"><a href="https://www.amazon.com/dp/B0047CT6SE?tag=eloabder-20&linkCode=osi&th=1&psc=1"><img src="https://m.media-amazon.com/images/I/41bhWXKeeiL._SL500_.jpg" alt="Product Image"></a><p>Pentel Clic Retractable Eraser with Grip, 3 Pack</p><p> -29% 0FF </p><p>$4.77</p><a href="https://www.amazon.com/dp/B0047CT6SE?tag=eloabder-20&linkCode=osi&th=1&psc=1">View Product</a></div>
<div class="product"><a href="https://www.amazon.com/dp/B09S9X3HV7?tag=eloabder-20&linkCode=osi&th=1&psc=1"><img src="https://m.media-amazon.com/images/I/51GgMyfl5VL._SL500_.jpg" alt="Product Image"></a><p>Color Transparent Ruler Plastic Rulers - Ruler 12 inch, Kids Ruler for School, Ruler with Centimeters, Millimeter and Inches, Assorted Colors, Clear Rulers, 7 Pack School Rulers</p><p> -16% 0FF </p><p>$5.99</p><a href="https://www.amazon.com/dp/B09S9X3HV7?tag=eloabder-20&linkCode=osi&th=1&psc=1">View Product</a></div><div class="product"><a href="https://www.amazon.com/dp/B06XK9VQM4?tag=eloabder-20&linkCode=osi&th=1&psc=1"><img src="https://m.media-amazon.com/images/I/51Glln3n-nL._SL500_.jpg" alt="Product Image"></a><p>Outus 12 Pack Wood Ruler Bulk for Students Wooden School Rulers Gifts Office Classroom Measuring, 2 Scale, 12 Inch and 30 cm</p><p> -6% 0FF </p><p>$7.99</p><a href="https://www.amazon.com/dp/B06XK9VQM4?tag=eloabder-20&linkCode=osi&th=1&psc=1">View Product</a></div><div class="product"><a href="https://www.amazon.com/dp/B0B5MLTG7J?tag=eloabder-20&linkCode=osi&th=1&psc=1"><img src="https://m.media-amazon.com/images/I/51z9LUxLKmL._SL500_.jpg" alt="Product Image"></a><p>DAGONGREN 30 Pack Clear Plastic Rulers 12 Inch,Transparent Assorted Color Metric Bulk Rulers with Inches and Centimeters,Kids Ruler for School,Home,Office</p><p> -9% 0FF </p><p>$9.99</p><a href="https://www.amazon.com/dp/B0B5MLTG7J?tag=eloabder-20&linkCode=osi&th=1&psc=1">View Product</a></div><div class="product"><a href="https://www.amazon.com/dp/B096MPPF53?tag=eloabder-20&linkCode=osi&th=1&psc=1"><img src="https://m.media-amazon.com/images/I/51qUpElDRcS._SL500_.jpg" alt="Product Image"></a><p>Tenare 1 Set Plastic Clear Math Set Includes Protractor Triangle Rulers 12 Inch 6 Inch Straight Geometry Math Transparent Ruler Measuring Tool for School Office Home Supplies(Clear)</p><p> -25% 0FF </p><p>$5.98</p><a href="https://www.amazon.com/dp/B096MPPF53?tag=eloabder-20&linkCode=osi&th=1&psc=1">View Product</a></div>
<div class="product"><a href="https://www.amazon.com/dp/B07YDDX4JL?tag=eloabder-20&linkCode=osi&th=1&psc=1"><img src="https://m.media-amazon.com/images/I/41oBPZwCRLL._SL500_.jpg" alt="Product Image"></a><p>3-Pack 8" Heavy Duty Scissors with Ultra Sharp Blades and Comfort Grip Handles - For Office, Home, School, Sewing, and Crafts</p><p> -15% 0FF </p><p>$8.49 ($2.83 / Count)</p><a href="https://www.amazon.com/dp/B07YDDX4JL?tag=eloabder-20&linkCode=osi&th=1&psc=1">View Product</a></div><div class="product"><a href="https://www.amazon.com/dp/B01BRGU8R0?tag=eloabder-20&linkCode=osi&th=1&psc=1"><img src="https://m.media-amazon.com/images/I/41ANVra+eNL._SL500_.jpg" alt="Product Image"></a><p>Amazon Basics Stainless Steel Scissors for Office, Crafts, Multipurpose, Sharp, Comfort Grip, PVD Coated, 3 Pack, Multicolor</p><p> -45% 0FF </p><p>$7.55</p><a href="https://www.amazon.com/dp/B01BRGU8R0?tag=eloabder-20&linkCode=osi&th=1&psc=1">View Product</a></div><div class="product"><a href="https://www.amazon.com/dp/B000P0LNRE?tag=eloabder-20&linkCode=osi&th=1&psc=1"><img src="https://m.media-amazon.com/images/I/41fWgMTO0JL._SL500_.jpg" alt="Product Image"></a><p>Westcott 8-Inch Titanium-Bonded Scissors with Adjustable Glide Feature for Office and Home - Gray/Yellow, 2-Pack</p><p> -33% 0FF </p><p>$9.97</p><a href="https://www.amazon.com/dp/B000P0LNRE?tag=eloabder-20&linkCode=osi&th=1&psc=1">View Product</a></div>
<div class="product"><a href="https://www.amazon.com/dp/B074ZRZ4CZ?tag=eloabder-20&linkCode=osi&th=1&psc=1"><img src="https://m.media-amazon.com/images/I/41bu+HKxC2L._SL500_.jpg" alt="Product Image"></a><p>Swingline Commercial Stapler, 20 Sheet Capacity, Jam Free, Metal, 2 Pack, Black (44401AZ)</p><p> -5% 0FF </p><p>$18.98</p><a href="https://www.amazon.com/dp/B074ZRZ4CZ?tag=eloabder-20&linkCode=osi&th=1&psc=1">View Product</a></div><div class="product"><a href="https://www.amazon.com/dp/B001PME62K?tag=eloabder-20&linkCode=osi&th=1&psc=1"><img src="https://m.media-amazon.com/images/I/41gbaJu-3iL._SL500_.jpg" alt="Product Image"></a><p>Swingline Stapler, 40 Sheet Capacity, Optima 40, Jam Free, Reduced Effort, Soft Grip, Metal, Orange and Gray (87845)</p><p> -14% 0FF </p><p>$24.19</p><a href="https://www.amazon.com/dp/B001PME62K?tag=eloabder-20&linkCode=osi&th=1&psc=1">View Product</a></div><div class="product"><a href="https://www.amazon.com/dp/B0D2JBKYM1?tag=eloabder-20&linkCode=osi&th=1&psc=1"><img src="https://m.media-amazon.com/images/I/41zFTU9QpfL._SL500_.jpg" alt="Product Image"></a><p>Bostitch Office Stapler, No-Jam Premium for Desktop, Includes 1,250 Staples, Full-Strip, 25 Sheet Capacity, Black</p><p> -26% 0FF </p><p>$6.99</p><a href="https://www.amazon.com/dp/B0D2JBKYM1?tag=eloabder-20&linkCode=osi&th=1&psc=1">View Product</a></div><div class="product"><a href="https://www.amazon.com/dp/B0CC5GJKM1?tag=eloabder-20&linkCode=osi&th=1&psc=1"><img src="https://m.media-amazon.com/images/I/41JDDoSZQiL._SL500_.jpg" alt="Product Image"></a><p>Metal Stapler Heavy Duty 50 Sheet Capacity with 1750 Staples and Staple Remover, Full Strip Staplers for Desk, No Jam, Non-Slip for Office & Classroom, Black</p><p> -33% 0FF </p><p>$13.29</p><a href="https://www.amazon.com/dp/B0CC5GJKM1?tag=eloabder-20&linkCode=osi&th=1&psc=1">View Product</a></div><div class="product"><a href="https://www.amazon.com/dp/B0006HUQZ6?tag=eloabder-20&linkCode=osi&th=1&psc=1"><img src="https://m.media-amazon.com/images/I/31e-T-f1TGL._SL500_.jpg" alt="Product Image"></a><p>Swingline Stapler, 30 Sheet Capacity, 747 Business Stapler, Jam Free, Metal, Rio Red (74736)</p><p> -23% 0FF </p><p>$15.30</p><a href="https://www.amazon.com/dp/B0006HUQZ6?tag=eloabder-20&linkCode=osi&th=1&psc=1">View Product</a></div>

<div class="product"><a href="https://www.amazon.com/dp/B0033J6V3A?tag=eloabder-20&linkCode=osi&th=1&psc=1"><img src="https://m.media-amazon.com/images/I/21o5ASbichL._SL500_.jpg" alt="Product Image"></a><p>NuSparc 2 Drawer Locking Filing Cabinet | Pre-Assembled Steel Construction | Space-Saving Design is Perfect for Home and Small Office | Letter-Size | Assembled in North America</p><p> -14% 0FF </p><p>$76.99</p><a href="https://www.amazon.com/dp/B0033J6V3A?tag=eloabder-20&linkCode=osi&th=1&psc=1">View Product</a></div><div class="product"><a href="https://www.amazon.com/dp/B0D9XYD75W?tag=eloabder-20&linkCode=osi&th=1&psc=1"><img src="https://m.media-amazon.com/images/I/31VM3xK++PL._SL500_.jpg" alt="Product Image"></a><p>BYNSOE 2 Drawer File Cabinet with Lock Vertical Filing Storage Cabinet Office Home Steel Vertical File Cabinets for Letter Size File Cabinet Locked,Assembly Required</p><p> -8% 0FF </p><p>$54.99</p><a href="https://www.amazon.com/dp/B0D9XYD75W?tag=eloabder-20&linkCode=osi&th=1&psc=1">View Product</a></div><div class="product"><a href="https://www.amazon.com/dp/B0989HLF81?tag=eloabder-20&linkCode=osi&th=1&psc=1"><img src="https://m.media-amazon.com/images/I/51vzgnkbcjL._SL500_.jpg" alt="Product Image"></a><p>DEVAISE 3 Drawer Mobile File Cabinet, Wood Lateral Filing Cabinet, Printer Stand with Open Shelves for Home Office, Rustic Brown</p><p> -21% 0FF </p><p>$74.99</p><a href="https://www.amazon.com/dp/B0989HLF81?tag=eloabder-20&linkCode=osi&th=1&psc=1">View Product</a></div>
<div class="product"><a href="https://www.amazon.com/dp/B00006RSQD?tag=eloabder-20&linkCode=osi&th=1&psc=1"><img src="https://m.media-amazon.com/images/I/315rez3KpeL._SL500_.jpg" alt="Product Image"></a><p>Bush Business Furniture Series C 36W Tall 5 Shelf Bookcase in Hansen Cherry, Large Storage and Display Bookshelf for Home or Professional Office</p><p> -8% 0FF </p><p>$239.49</p><a href="https://www.amazon.com/dp/B00006RSQD?tag=eloabder-20&linkCode=osi&th=1&psc=1">View Product</a></div>
<div class="product"><a href="https://www.amazon.com/dp/B09F6JPYSY?tag=eloabder-20&linkCode=osi&th=1&psc=1"><img src="https://m.media-amazon.com/images/I/51fGLH7lhHL._SL500_.jpg" alt="Product Image"></a><p>SPACELEAD Slim Storage Cart 3 Tier,Bathroom Organizer Rolling Utility,Mobile Shelving Unit Slide Out for Office, Kitchen, Laundry Room & Narrow Places,Black</p><p> -30% 0FF </p><p>$20.99</p><a href="https://www.amazon.com/dp/B09F6JPYSY?tag=eloabder-20&linkCode=osi&th=1&psc=1">View Product</a></div><div class="product"><a href="https://www.amazon.com/dp/B08KFTVGQY?tag=eloabder-20&linkCode=osi&th=1&psc=1"><img src="https://m.media-amazon.com/images/I/51BjUEmGaiL._SL500_.jpg" alt="Product Image"></a><p>SONGMICS Cube Storage Organizer, Set of 16 Plastic Cubes, Closet Organizers and Storage, Room Organization, Bedroom Living Room, 12.2 x 48.4 x 48.4 Inches, Rustic Brown ULPC442A01</p><p> -15% 0FF </p><p>$46.99</p><a href="https://www.amazon.com/dp/B08KFTVGQY?tag=eloabder-20&linkCode=osi&th=1&psc=1">View Product</a></div><div class="product"><a href="https://www.amazon.com/dp/B0DG359YX5?tag=eloabder-20&linkCode=osi&th=1&psc=1"><img src="https://m.media-amazon.com/images/I/41OBXL4HJdL._SL500_.jpg" alt="Product Image"></a><p>VIVO Clamp-on 13 inch Above or Below Desk 2-Tier Shelving Unit for Table Accessories, Gaming Devices, and More, Storage Tray, Desktop Organizer, Rustic Vintage Brown, STAND-SHELF2C-N</p><p> -20% 0FF </p><p>$39.99</p><a href="https://www.amazon.com/dp/B0DG359YX5?tag=eloabder-20&linkCode=osi&th=1&psc=1">View Product</a></div><div class="product"><a href="https://www.amazon.com/dp/B0D7S5GGP6?tag=eloabder-20&linkCode=osi&th=1&psc=1"><img src="https://m.media-amazon.com/images/I/51EriWG2BLL._SL500_.jpg" alt="Product Image"></a><p>C&AHOME Wire Cube Storage, 9 - Cube Organizer Metal C Grids, Modular Shelves Units, Closet Organizer, Ideal for Home, Office, Living Room, 36.6”L x 12.4”W x 48.4”H, Silver Gray UWCS3009G</p><p> -33% 0FF </p><p>$28.87</p><a href="https://www.amazon.com/dp/B0D7S5GGP6?tag=eloabder-20&linkCode=osi&th=1&psc=1">View Product</a></div>
<div class="product"><a href="https://www.amazon.com/dp/B0B1M6ML2J?tag=eloabder-20&linkCode=osi&th=1&psc=1"><img src="https://m.media-amazon.com/images/I/51pX2Qo38JL._SL500_.jpg" alt="Product Image"></a><p>WOWBOX 25 PCS Clear Plastic Drawer Organizer Set, 4 Sizes Desk Drawer Divider Organizers and Storage Bins for Makeup, Jewelry, Gadgets for Kitchen, Bedroom, Bathroom, Office</p><p> -35% 0FF </p><p>$16.13 ($0.65 / Count)</p><a href="https://www.amazon.com/dp/B0B1M6ML2J?tag=eloabder-20&linkCode=osi&th=1&psc=1">View Product</a></div><div class="product"><a href="https://www.amazon.com/dp/B0DB8F7GDN?tag=eloabder-20&linkCode=osi&th=1&psc=1"><img src="https://m.media-amazon.com/images/I/51iOtKHzvCL._SL500_.jpg" alt="Product Image"></a><p>OPNICE Desk Organizer and Accessories, 2-Tier Computer Monitor Stand Riser with Drawer and 2 Pen Holders, Laptop Stand, Office Desk Accessories for Office Supplies, Black</p><p> -27% 0FF </p><p>$21.99</p><a href="https://www.amazon.com/dp/B0DB8F7GDN?tag=eloabder-20&linkCode=osi&th=1&psc=1">View Product</a></div><div class="product"><a href="https://www.amazon.com/dp/B0FQ86P4M3?tag=eloabder-20&linkCode=osi&th=1&psc=1"><img src="https://m.media-amazon.com/images/I/41ZDdyGnPxL._SL500_.jpg" alt="Product Image"></a><p>Mind Reader 2-Tier Desk Organizer with Clamp, Accessory Shelf for Office or Gaming, Office, Metal, White</p><p> -5% 0FF </p><p>$37.99</p><a href="https://www.amazon.com/dp/B0FQ86P4M3?tag=eloabder-20&linkCode=osi&th=1&psc=1">View Product</a></div><div class="product"><a href="https://www.amazon.com/dp/B0BYDGF8DT?tag=eloabder-20&linkCode=osi&th=1&psc=1"><img src="https://m.media-amazon.com/images/I/51sE2GzgVNL._SL500_.jpg" alt="Product Image"></a><p>OPNICE Desk Organizer and Accessories, 4-Tier Desktop File Organizer with Drawer and 2 Pen Holders, Office Desk Accessories, Workspace Organizers for Office Supplies(Black)</p><p> -33% 0FF </p><p>$19.99</p><a href="https://www.amazon.com/dp/B0BYDGF8DT?tag=eloabder-20&linkCode=osi&th=1&psc=1">View Product</a></div><div class="product"><a href="https://www.amazon.com/dp/B0DJKSMV2T?tag=eloabder-20&linkCode=osi&th=1&psc=1"><img src="https://m.media-amazon.com/images/I/41gO3CCIg1L._SL500_.jpg" alt="Product Image"></a><p>gianotter Dual Monitor Stand Riser, Desk Organizer With Drawer and 2 Pen Holders, Computer Monitor Stand, Shelf for Top of Desk, Black</p><p> -28% 0FF </p><p>$25.99</p><a href="https://www.amazon.com/dp/B0DJKSMV2T?tag=eloabder-20&linkCode=osi&th=1&psc=1">View Product</a></div><div class="product"><a href="https://www.amazon.com/dp/B0BWTT3WK1?tag=eloabder-20&linkCode=osi&th=1&psc=1"><img src="https://m.media-amazon.com/images/I/51JTe2SjicL._SL500_.jpg" alt="Product Image"></a><p>gianotter Desk Organizers and Accessories with File Holder, 4-Tier Desk Accessories & Workspace Organizers with Drawer and 2 Pen Holder, Paper Organizer for Office Supplies (Rose Gold)</p><p> -27% 0FF </p><p>$23.99</p><a href="https://www.amazon.com/dp/B0BWTT3WK1?tag=eloabder-20&linkCode=osi&th=1&psc=1">View Product</a></div><div class="product"><a href="https://www.amazon.com/dp/B09QKDY1YY?tag=eloabder-20&linkCode=osi&th=1&psc=1"><img src="https://m.media-amazon.com/images/I/519UVM73B6L._SL500_.jpg" alt="Product Image"></a><p>Supeasy 5 Trays Paper Organizer Letter Tray with Handle-Mesh Desk File Organizer, Paper Sorter Desk Organizer for Office, Home or School</p><p> -17% 0FF </p><p>$19.99</p><a href="https://www.amazon.com/dp/B09QKDY1YY?tag=eloabder-20&linkCode=osi&th=1&psc=1">View Product</a></div><div class="product"><a href="https://www.amazon.com/dp/B08PBFKGJG?tag=eloabder-20&linkCode=osi&th=1&psc=1"><img src="https://m.media-amazon.com/images/I/61WfW0WLsqL._SL500_.jpg" alt="Product Image"></a><p>Marbrasse 6 Tier Paper Organizer Letter Tray - Mesh Desk File Organizer with Handle, Paper Sorter Organizer for Letter/A4 Office File Folder Holder - Black</p><p> -23% 0FF </p><p>$19.98</p><a href="https://www.amazon.com/dp/B08PBFKGJG?tag=eloabder-20&linkCode=osi&th=1&psc=1">View Product</a></div><div class="product"><a href="https://www.amazon.com/dp/B09K5927B5?tag=eloabder-20&linkCode=osi&th=1&psc=1"><img src="https://m.media-amazon.com/images/I/51u5tZ4jR6L._SL500_.jpg" alt="Product Image"></a><p>Marbrasse Desk Organizer with File Holder, 5-Tier Paper Letter Tray Organizer with Drawer and 2 Pen Holder, Mesh Desktop Organizer and Storage with Magazine Holder for Office Supplies(Black)</p><p> -24% 0FF </p><p>$33.99</p><a href="https://www.amazon.com/dp/B09K5927B5?tag=eloabder-20&linkCode=osi&th=1&psc=1">View Product</a></div>
<div class="product"><a href="https://www.amazon.com/dp/B0CNXF7SVS?tag=eloabder-20&linkCode=osi&th=1&psc=1"><img src="https://m.media-amazon.com/images/I/51a6EswyTZL._SL500_.jpg" alt="Product Image"></a><p>Manalete Drawer Organizers Set of 15, 4 Sizes Clear Plastic Drawer Organizers and Storage Bins for Kitchen, Bathroom, Office, Dresser Desk Drawer Organizer Tray for Jewelry, Makeup, Junk, Gadgets</p><p> -29% 0FF </p><p>$9.99</p><a href="https://www.amazon.com/dp/B0CNXF7SVS?tag=eloabder-20&linkCode=osi&th=1&psc=1">View Product</a></div><div class="product"><a href="https://www.amazon.com/dp/B0CCY5X6SS?tag=eloabder-20&linkCode=osi&th=1&psc=1"><img src="https://m.media-amazon.com/images/I/41Iye-vPXJL._SL500_.jpg" alt="Product Image"></a><p>Bamboo Drawer Organizer Set, 5 PCS Multi-Use Individual Wood Storage Organizers, Junk Drawer Divider and Storage Trays Containers for Kitchen, Bathroom, Office Desk, Makeup, Jewelry, Utensils</p><p> -20% 0FF </p><p>$19.99 ($4.00 / Count)</p><a href="https://www.amazon.com/dp/B0CCY5X6SS?tag=eloabder-20&linkCode=osi&th=1&psc=1">View Product</a></div><div class="product"><a href="https://www.amazon.com/dp/B0CCDJQ7MM?tag=eloabder-20&linkCode=osi&th=1&psc=1"><img src="https://m.media-amazon.com/images/I/51kU0WJxdsL._SL500_.jpg" alt="Product Image"></a><p>Marbrasse Expandable Desk Drawer Organizer, Mesh Drawer Organizer Tray with 10 Adjustable Compartments, Desk Organizers and Accessories, 5 Dividers Drawer for Office Supplies, Makeup & Vanity (Black)</p><p> -15% 0FF </p><p>$17.84</p><a href="https://www.amazon.com/dp/B0CCDJQ7MM?tag=eloabder-20&linkCode=osi&th=1&psc=1">View Product</a></div><div class="product"><a href="https://www.amazon.com/dp/B0DM27MBZN?tag=eloabder-20&linkCode=osi&th=1&psc=1"><img src="https://m.media-amazon.com/images/I/41hAfSMnrZL._SL500_.jpg" alt="Product Image"></a><p>ElegantArray 12 PCS Drawer Organizer Set, 4 Sizes Storage Drawer Units, Clear Plastic Makeup Vanity Organizer and Storage Bins for Makeup, Stationeries, Multiple Gadgets for Bathroom, Office, Bedroom</p><p> -31% 0FF </p><p>$8.99</p><a href="https://www.amazon.com/dp/B0DM27MBZN?tag=eloabder-20&linkCode=osi&th=1&psc=1">View Product</a></div>
<div class="product"><a href="https://www.amazon.com/dp/B0C4T42TPC?tag=eloabder-20&linkCode=osi&th=1&psc=1"><img src="https://m.media-amazon.com/images/I/318IsyAsPXL._SL500_.jpg" alt="Product Image"></a><p>Adjustable Mobile CPU Stand, Ventilated Computer Tower Stand with 4 Caster Wheels Fits Most PC Tower, Under Desk CPU Holder PC Floor Cart Computer Riser for Gamers and Students (Black)</p><p> -21% 0FF </p><p>$14.21</p><a href="https://www.amazon.com/dp/B0C4T42TPC?tag=eloabder-20&linkCode=osi&th=1&psc=1">View Product</a></div><div class="product"><a href="https://www.amazon.com/dp/B094QTGHNZ?tag=eloabder-20&linkCode=osi&th=1&psc=1"><img src="https://m.media-amazon.com/images/I/31VzBQ+jwWL._SL500_.jpg" alt="Product Image"></a><p>WALI Computer Monitor Stand for Desk, Adjustable Laptop Riser, Desk Monitor Stand Underneath Storage for Office, Home, School Supplies (STT003), 1 Pack, Black</p><p> -32% 0FF </p><p>$16.99</p><a href="https://www.amazon.com/dp/B094QTGHNZ?tag=eloabder-20&linkCode=osi&th=1&psc=1">View Product</a></div><div class="product"><a href="https://www.amazon.com/dp/B07H4DMLVH?tag=eloabder-20&linkCode=osi&th=1&psc=1"><img src="https://m.media-amazon.com/images/I/31eTfKhpSWL._SL500_.jpg" alt="Product Image"></a><p>HUANUO Monitor Stand, Monitor Stand Riser 3 Height Adjustable, Monitor Riser with Airflow Vents, Laptop Stand for Desk, Laptop Riser, Desk Organizer for Monitor, 15.6" Laptop, PC, Printer</p><p> -11% 0FF </p><p>$15.19</p><a href="https://www.amazon.com/dp/B07H4DMLVH?tag=eloabder-20&linkCode=osi&th=1&psc=1">View Product</a></div><div class="product"><a href="https://www.amazon.com/dp/B0D69W6H91?tag=eloabder-20&linkCode=osi&th=1&psc=1"><img src="https://m.media-amazon.com/images/I/51rQI+gi3lL._SL500_.jpg" alt="Product Image"></a><p>JANE EYRE Computer Tower Stand - Adjustable PC Tower Stand CPU Holder Cart with Charging Station for Office Home Classroom,23.03"-28.3" H, black</p><p> -10% 0FF </p><p>$53.99</p><a href="https://www.amazon.com/dp/B0D69W6H91?tag=eloabder-20&linkCode=osi&th=1&psc=1">View Product</a></div><div class="product"><a href="https://www.amazon.com/dp/B0C4T34L9Y?tag=eloabder-20&linkCode=osi&th=1&psc=1"><img src="https://m.media-amazon.com/images/I/51BNMGXNOEL._SL500_.jpg" alt="Product Image"></a><p>BONTEC Wooden Monitor Stand Riser, 2-Tier Desk Shelf with Storage Organizer, Ergonomic Computer Stand with Cable Management, Cellphone Holder, White, 16.5 Inch</p><p> -33% 0FF </p><p>$18.04</p><a href="https://www.amazon.com/dp/B0C4T34L9Y?tag=eloabder-20&linkCode=osi&th=1&psc=1">View Product</a></div><div class="product"><a href="https://www.amazon.com/dp/B08BRCT4JH?tag=eloabder-20&linkCode=osi&th=1&psc=1"><img src="https://m.media-amazon.com/images/I/41Ga6A+cXbL._SL500_.jpg" alt="Product Image"></a><p>BESIGN LS03 Aluminum Laptop Stand, Ergonomic Detachable Computer Stand, Notebook Riser Compatible with Air, Pro, Dell, HP, Lenovo More 10-15.6" Laptops, Silver</p><p> -25% 0FF </p><p>$14.98</p><a href="https://www.amazon.com/dp/B08BRCT4JH?tag=eloabder-20&linkCode=osi&th=1&psc=1">View Product</a></div>
<div class="product"><a href="https://www.amazon.com/dp/B07Q79ZZJ6?tag=eloabder-20&linkCode=osi&th=1&psc=1"><img src="https://m.media-amazon.com/images/I/31-LBzENQIL._SL500_.jpg" alt="Product Image"></a><p>Single LCD Computer Monitor Free-Standing Desk Stand Mount Riser for 13 inch to 32 inch screen with Swivel, Height Adjustable, Rotation, Vesa Base Stand Holds One (1) Screen up to 77Lbs(HT05B-001))</p><p> -34% 0FF </p><p>$21.99</p><a href="https://www.amazon.com/dp/B07Q79ZZJ6?tag=eloabder-20&linkCode=osi&th=1&psc=1">View Product</a></div><div class="product"><a href="https://www.amazon.com/dp/B082845XM8?tag=eloabder-20&linkCode=osi&th=1&psc=1"><img src="https://m.media-amazon.com/images/I/41uRH1B7HgL._SL500_.jpg" alt="Product Image"></a><p>Dual Monitor Stand - Vertical Stack Screen Free-Standing Monitor Riser Fits Two 13 to 34 Inch Screen with Swivel, Tilt, Height Adjustable, Holds One (1) Screen Up to 44Lbs</p><p> -5% 0FF </p><p>$31.56</p><a href="https://www.amazon.com/dp/B082845XM8?tag=eloabder-20&linkCode=osi&th=1&psc=1">View Product</a></div><div class="product"><a href="https://www.amazon.com/dp/B00X4SCCFG?tag=eloabder-20&linkCode=osi&th=1&psc=1"><img src="https://m.media-amazon.com/images/I/21X2klzUZGL._SL500_.jpg" alt="Product Image"></a><p>Amazon Basics Height Adjustable Rectangular Computer Monitor Riser Desk Stand with Storage for Reduced Neck Strain - Fits Monitors, Laptops Up to 22lbs, Black</p><p> -35% 0FF </p><p>$14.06</p><a href="https://www.amazon.com/dp/B00X4SCCFG?tag=eloabder-20&linkCode=osi&th=1&psc=1">View Product</a></div>
<div class="product"><a href="https://www.amazon.com/dp/B07HFDJCSL?tag=eloabder-20&linkCode=osi&th=1&psc=1"><img src="https://m.media-amazon.com/images/I/41DR7qY1naL._SL500_.jpg" alt="Product Image"></a><p>VIVO Large Keyboard Tray Under Desk Pull Out with Extra Sturdy C Clamp Mount System, 27 (33 Including Clamps) x 11 Inch Slide-Out Platform Computer Drawer for Typing, Black, MOUNT-KB05E</p><p> -17% 0FF </p><p>$49.99</p><a href="https://www.amazon.com/dp/B07HFDJCSL?tag=eloabder-20&linkCode=osi&th=1&psc=1">View Product</a></div><div class="product"><a href="https://www.amazon.com/dp/B082NKBM62?tag=eloabder-20&linkCode=osi&th=1&psc=1"><img src="https://m.media-amazon.com/images/I/41qQ3p9-mrL._SL500_.jpg" alt="Product Image"></a><p>HUANUO Keyboard Tray Under Desk, 360 Adjustable Ergonomic Sliding Keyboard & Mouse Tray, Under Desk Keyboard Tray Slide Out, Keyboard Holder Under Desk for Typing in Home, Office Work, 25"W x 9.84"D</p><p> -33% 0FF </p><p>$59.98</p><a href="https://www.amazon.com/dp/B082NKBM62?tag=eloabder-20&linkCode=osi&th=1&psc=1">View Product</a></div><div class="product"><a href="https://www.amazon.com/dp/B0F23GTKHL?tag=eloabder-20&linkCode=osi&th=1&psc=1"><img src="https://m.media-amazon.com/images/I/41dmHoeznDL._SL500_.jpg" alt="Product Image"></a><p>Zontera Ergonomic Mouse & Keyboard Tray Under Desk, Pull Out with Adjustable C-clamp, 20 (25.9 Including Clamps) x 11.8 Inch Slide Out Computer Keyboard Drawer Mouse Tray for Typing, Black</p><p> -7% 0FF </p><p>$25.99</p><a href="https://www.amazon.com/dp/B0F23GTKHL?tag=eloabder-20&linkCode=osi&th=1&psc=1">View Product</a></div><div class="product"><a href="https://www.amazon.com/dp/B01IIGMBVI?tag=eloabder-20&linkCode=osi&th=1&psc=1"><img src="https://m.media-amazon.com/images/I/21Vw8003F0L._SL500_.jpg" alt="Product Image"></a><p>Alera ALE Valencia Series Underdesk Keyboard/Mouse Shelf, 28w x 12d, Black</p><p> -50% 0FF </p><p>$29.22</p><a href="https://www.amazon.com/dp/B01IIGMBVI?tag=eloabder-20&linkCode=osi&th=1&psc=1">View Product</a></div>
<div class="product"><a href="https://www.amazon.com/dp/B07C3XZMC6?tag=eloabder-20&linkCode=osi&th=1&psc=1"><img src="https://m.media-amazon.com/images/I/31Eojf7glwL._SL500_.jpg" alt="Product Image"></a><p>JIKIOU 3 Pack Mouse Pad with Stitched Edge, Comfortable Mouse Pads with Non-Slip Rubber Base, Washable Mousepads Bulk with Comfortable Cloth, Mouse Pads for Computers Laptop Mouse 10.2x8.3inch Black</p><p> -29% 0FF </p><p>$7.99</p><a href="https://www.amazon.com/dp/B07C3XZMC6?tag=eloabder-20&linkCode=osi&th=1&psc=1">View Product</a></div><div class="product"><a href="https://www.amazon.com/dp/B085XRMSTT?tag=eloabder-20&linkCode=osi&th=1&psc=1"><img src="https://m.media-amazon.com/images/I/31aDSI0sFoL._SL500_.jpg" alt="Product Image"></a><p>EooCoo Ergonomic Mouse Pad with Wrist Support, Mousepad with Memory Foam Wrist Rest and Non-Slip Base for Computer, Cafe, Home & Office, 9.64 x 8.26 in Office Desk Accessories</p><p> -36% 0FF </p><p>$6.99</p><a href="https://www.amazon.com/dp/B085XRMSTT?tag=eloabder-20&linkCode=osi&th=1&psc=1">View Product</a></div>
<div class="product"><a href="https://www.amazon.com/dp/B0BRCJL4MM?tag=eloabder-20&linkCode=osi&th=1&psc=1"><img src="https://m.media-amazon.com/images/I/41sggzaNbPL._SL500_.jpg" alt="Product Image"></a><p>Led Desk Lamp for Office Home - Eye Caring Architect lamp with Clamp,Dual Screen Computer Monitor Gooseneck Smart Light: 24W 5 Color Flexible Adjustable Lighting Table Lamp for Study Drafting</p><p> -13% 0FF </p><p>$69.99</p><a href="https://www.amazon.com/dp/B0BRCJL4MM?tag=eloabder-20&linkCode=osi&th=1&psc=1">View Product</a></div><div class="product"><a href="https://www.amazon.com/dp/B0BNHNG5CY?tag=eloabder-20&linkCode=osi&th=1&psc=1"><img src="https://m.media-amazon.com/images/I/51ccmdZe2YL._SL500_.jpg" alt="Product Image"></a><p>Micomlan Led Desk Lamp with Clamp, Architect Desk Lamp for Home Office with Atmosphere Lighting, 24W Ultra Bright Auto Dimming Computer Light Stepless Dimming and Tempering LED Table Light</p><p> -27% 0FF </p><p>$49.99</p><a href="https://www.amazon.com/dp/B0BNHNG5CY?tag=eloabder-20&linkCode=osi&th=1&psc=1">View Product</a></div><div class="product"><a href="https://www.amazon.com/dp/B078W61H9P?tag=eloabder-20&linkCode=osi&th=1&psc=1"><img src="https://m.media-amazon.com/images/I/31aebwb3nqL._SL500_.jpg" alt="Product Image"></a><p>LEPOWER Metal Desk Lamp, Eye-Caring Table Lamp, Study Lamps with Flexible Goose Neck for Bedroom, Home Office (Matte Black)</p><p> -24% 0FF </p><p>$24.99</p><a href="https://www.amazon.com/dp/B078W61H9P?tag=eloabder-20&linkCode=osi&th=1&psc=1">View Product</a></div><div class="product"><a href="https://www.amazon.com/dp/B0D1DLY4H4?tag=eloabder-20&linkCode=osi&th=1&psc=1"><img src="https://m.media-amazon.com/images/I/41sKiuSIwRL._SL500_.jpg" alt="Product Image"></a><p>SKYLEO Led Desk Lamp - Desk Light for 31.5" Tall - 5 Color Modes X 11 Brightness Levels - Adjustable Swing Arm - Timmer & Memory Function - 12W Lamp for Desk - Black</p><p> -23% 0FF </p><p>$19.99</p><a href="https://www.amazon.com/dp/B0D1DLY4H4?tag=eloabder-20&linkCode=osi&th=1&psc=1">View Product</a></div><div class="product"><a href="https://www.amazon.com/dp/B0D2LGK82V?tag=eloabder-20&linkCode=osi&th=1&psc=1"><img src="https://m.media-amazon.com/images/I/41UpQ-qygDL._SL500_.jpg" alt="Product Image"></a><p>Addtam LED Desk Lamp, Power Strip with 3 Outlets 4 USB Charging Ports(2 USBC), 4 Modes 5 Level Brightness Touch Lamp, Small Desk Lamp for Home Office College Dorm Room Essentials</p><p> -23% 0FF </p><p>$16.99</p><a href="https://www.amazon.com/dp/B0D2LGK82V?tag=eloabder-20&linkCode=osi&th=1&psc=1">View Product</a></div><div class="product"><a href="https://www.amazon.com/dp/B08LMTQ7ZF?tag=eloabder-20&linkCode=osi&th=1&psc=1"><img src="https://m.media-amazon.com/images/I/21vKPX2KHML._SL500_.jpg" alt="Product Image"></a><p>Lepro LED Desk Lamp for Home Office, 9.5W 750LM Metal Touch Control Desk Light, 5 Color Modes 5 Brightness Level, Eye Caring Task Lamp For Reading, Sewing, Crafts, School Supplies, Puzzle Light, Black</p><p> -13% 0FF </p><p>$24.99</p><a href="https://www.amazon.com/dp/B08LMTQ7ZF?tag=eloabder-20&linkCode=osi&th=1&psc=1">View Product</a></div>
<div class="product"><a href="https://www.amazon.com/dp/B0D7BXNDP4?tag=eloabder-20&linkCode=osi&th=1&psc=1"><img src="https://m.media-amazon.com/images/I/41DuEunZ1+L._SL500_.jpg" alt="Product Image"></a><p>Monitor Fan with Clamp & Light Bar Desk Lamp with fan for Office mini Desk fan small quiet with lamp for PC Laptops Tablet for Home Office Portable Working Reading Stand Lamp</p><p> -5% 0FF </p><p>$15.19</p><a href="https://www.amazon.com/dp/B0D7BXNDP4?tag=eloabder-20&linkCode=osi&th=1&psc=1">View Product</a></div><div class="product"><a href="https://www.amazon.com/dp/B07K1D41DC?tag=eloabder-20&linkCode=osi&th=1&psc=1"><img src="https://m.media-amazon.com/images/I/310MAouNV-L._SL500_.jpg" alt="Product Image"></a><p>OttLite Cool Breeze LED Lamp with Bladeless Fan - 3 Speed Options & 5 Brightness Settings with Energy Efficient Natural Daylight LEDs - Desktop, Table or Nightstand Lamp for Studying or Reading</p><p> -14% 0FF </p><p>$89.98</p><a href="https://www.amazon.com/dp/B07K1D41DC?tag=eloabder-20&linkCode=osi&th=1&psc=1">View Product</a></div>
<div class="product"><a href="https://www.amazon.com/dp/B0CXSXL1F2?tag=eloabder-20&linkCode=osi&th=1&psc=1"><img src="https://m.media-amazon.com/images/I/41H6cndt7iL._SL500_.jpg" alt="Product Image"></a><p>9 Pack Lined Sticky Notes 4x6 in Post Sticky Notes with Lines, 9 Bright Colors Self Sticky Notes Pad Its, Large Ruled Sticky Note for Office, Home, 35 Sheets/Pad</p><p> -33% 0FF </p><p>$7.99</p><a href="https://www.amazon.com/dp/B0CXSXL1F2?tag=eloabder-20&linkCode=osi&th=1&psc=1">View Product</a></div><div class="product"><a href="https://www.amazon.com/dp/B019QROV9S?tag=eloabder-20&linkCode=osi&th=1&psc=1"><img src="https://m.media-amazon.com/images/I/51OsStyntzL._SL500_.jpg" alt="Product Image"></a><p>Sharpie Clear View Highlighter Sticks, Chisel Tip, Assorted Fluorescent, 8 Count - School, Home, and Office Use, Teacher Supplies</p><p> -23% 0FF </p><p>$13.86</p><a href="https://www.amazon.com/dp/B019QROV9S?tag=eloabder-20&linkCode=osi&th=1&psc=1">View Product</a></div>
<div class="product"><a href="https://www.amazon.com/dp/B082PN4X5J?tag=eloabder-20&linkCode=osi&th=1&psc=1"><img src="https://m.media-amazon.com/images/I/51o+eA8g6nL._SL500_.jpg" alt="Product Image"></a><p>Sharpie S-Gel Gel Pens, Black Barrel, Medium Point (0.7mm), Black Gel Ink Pens, 12 Count - Home, Office, School, Journaling, Writing, Note-Taking, Teacher Supplies</p><p> -14% 0FF </p><p>$11.97</p><a href="https://www.amazon.com/dp/B082PN4X5J?tag=eloabder-20&linkCode=osi&th=1&psc=1">View Product</a></div><div class="product"><a href="https://www.amazon.com/dp/B0C9W8DD9S?tag=eloabder-20&linkCode=osi&th=1&psc=1"><img src="https://m.media-amazon.com/images/I/41mdSvEwNZL._SL500_.jpg" alt="Product Image"></a><p>Ddaowanx Gel Pens, 6 Pcs 0.5mm Quick Dry Black Ink Pens Fine Point Smooth Writing Pens, Cute Office School Supplies Gifts for Women</p><p> -10% 0FF </p><p>$8.99</p><a href="https://www.amazon.com/dp/B0C9W8DD9S?tag=eloabder-20&linkCode=osi&th=1&psc=1">View Product</a></div><div class="product"><a href="https://www.amazon.com/dp/B019QBOG3U?tag=eloabder-20&linkCode=osi&th=1&psc=1"><img src="https://m.media-amazon.com/images/I/416PjSebDoL._SL500_.jpg" alt="Product Image"></a><p>Paper Mate Colorful Gel Pens - InkJoy Gel Pens Assorted Medium Point (0.7). Perfect for Vibrant Colored Writing and Sketching with Paper Mate InkJoy 14 Count</p><p> -18% 0FF </p><p>$10.31</p><a href="https://www.amazon.com/dp/B019QBOG3U?tag=eloabder-20&linkCode=osi&th=1&psc=1">View Product</a></div><div class="product"><a href="https://www.amazon.com/dp/B0C73JDN4S?tag=eloabder-20&linkCode=osi&th=1&psc=1"><img src="https://m.media-amazon.com/images/I/51DJUUxL7HL._SL500_.jpg" alt="Product Image"></a><p>Linbsunne Ballpoint Pens Black Medium Point 1mm Pen with Super Soft Grip Ball Point Pen for Men Women Retractable Pens (gold-12 pcs)</p><p> -10% 0FF </p><p>$8.99</p><a href="https://www.amazon.com/dp/B0C73JDN4S?tag=eloabder-20&linkCode=osi&th=1&psc=1">View Product</a></div><div class="product"><a href="https://www.amazon.com/dp/B001OTA66O?tag=eloabder-20&linkCode=osi&th=1&psc=1"><img src="https://m.media-amazon.com/images/I/41yS5tBZQLL._SL500_.jpg" alt="Product Image"></a><p>BIC Glide Black Retractable Ballpoint Pens, Medium Point (1.0mm), 4-Count Pack, Ultra Smooth Writing Black Pens</p><p> -40% 0FF </p><p>$2.99</p><a href="https://www.amazon.com/dp/B001OTA66O?tag=eloabder-20&linkCode=osi&th=1&psc=1">View Product</a></div>
<div class="product"><a href="https://www.amazon.com/dp/B002HVXXCW?tag=eloabder-20&linkCode=osi&th=1&psc=1"><img src="https://m.media-amazon.com/images/I/41JeEedXCeL._SL500_.jpg" alt="Product Image"></a><p>Ticonderoga Wood-Cased Pencils, Pre-Sharpened, 2 HB Soft, Yellow, 10 Count</p><p> -58% 0FF </p><p>$2.49</p><a href="https://www.amazon.com/dp/B002HVXXCW?tag=eloabder-20&linkCode=osi&th=1&psc=1">View Product</a></div><div class="product"><a href="https://www.amazon.com/dp/B077Q4B6YN?tag=eloabder-20&linkCode=osi&th=1&psc=1"><img src="https://m.media-amazon.com/images/I/4160YcHGDNL._SL500_.jpg" alt="Product Image"></a><p>Paper Mate 2017483 Mechanical Pencils for Handwriting, Triangular, 5/PK, AST</p><p> -45% 0FF </p><p>$3.47</p><a href="https://www.amazon.com/dp/B077Q4B6YN?tag=eloabder-20&linkCode=osi&th=1&psc=1">View Product</a></div>
<div class="product"><a href="https://www.amazon.com/dp/B0D7YTZNRF?tag=eloabder-20&linkCode=osi&th=1&psc=1"><img src="https://m.media-amazon.com/images/I/41hSbSlNAmL._SL500_.jpg" alt="Product Image"></a><p>YASNAY Alcohol Markers, 48 Colors Dual Tip Art Marker, Drawing Markers, Coloring Marker for Kids Sketching Adult Coloring</p><p> -27% 0FF </p><p>$10.99</p><a href="https://www.amazon.com/dp/B0D7YTZNRF?tag=eloabder-20&linkCode=osi&th=1&psc=1">View Product</a></div><div class="product"><a href="https://www.amazon.com/dp/B07CJ8QXF8?tag=eloabder-20&linkCode=osi&th=1&psc=1"><img src="https://m.media-amazon.com/images/I/51bChi4-H4L._SL500_.jpg" alt="Product Image"></a><p>Dual Markers Brush Pens, 36 Fine Point Art Marker, Double Tip Colored Pen for Adult Coloring Hand Lettering, School Classroom Art Suppliers</p><p> -20% 0FF </p><p>$7.98</p><a href="https://www.amazon.com/dp/B07CJ8QXF8?tag=eloabder-20&linkCode=osi&th=1&psc=1">View Product</a></div><div class="product"><a href="https://www.amazon.com/dp/B071CP6X88?tag=eloabder-20&linkCode=osi&th=1&psc=1"><img src="https://m.media-amazon.com/images/I/41sNeEYkTNL._SL500_.jpg" alt="Product Image"></a><p>Crayola Super Tips Marker Set for Kids (100ct), Broad Tip & Fine Point Washable Art Markers for Kids, Bulk School Supplies, Teacher Classroom Must Haves, Drawing Supplies</p><p> -19% 0FF </p><p>$16.29</p><a href="https://www.amazon.com/dp/B071CP6X88?tag=eloabder-20&linkCode=osi&th=1&psc=1">View Product</a></div><div class="product"><a href="https://www.amazon.com/dp/B08MBFPFCQ?tag=eloabder-20&linkCode=osi&th=1&psc=1"><img src="https://m.media-amazon.com/images/I/51DaGL7Z4oL._SL500_.jpg" alt="Product Image"></a><p>Sharpie Permanent Markers Variety Pack, Includes Chisel, Fine, and Ultra-Fine Tips, Marker Set, Writing, Coloring, Poster, Office, School Supplies, Black, 6 Count</p><p> -19% 0FF </p><p>$4.63 ($0.77 / Count)</p><a href="https://www.amazon.com/dp/B08MBFPFCQ?tag=eloabder-20&linkCode=osi&th=1&psc=1">View Product</a></div>
<div class="product"><a href="https://www.amazon.com/dp/B09Y2KJ2KX?tag=eloabder-20&linkCode=osi&th=1&psc=1"><img src="https://m.media-amazon.com/images/I/41EhQr7suML._SL500_.jpg" alt="Product Image"></a><p>Sharpie Pocket Highlighters, Mild Pastel Colors, Assorted, Chisel Tip, 12 Count - School, Home, and Office Use, Teacher Supplies</p><p> -22% 0FF </p><p>$7.76 ($0.65 / Count)</p><a href="https://www.amazon.com/dp/B09Y2KJ2KX?tag=eloabder-20&linkCode=osi&th=1&psc=1">View Product</a></div><div class="product"><a href="https://www.amazon.com/dp/B08698MJWT?tag=eloabder-20&linkCode=osi&th=1&psc=1"><img src="https://m.media-amazon.com/images/I/512N7aYt5oL._SL500_.jpg" alt="Product Image"></a><p>Sharpie S-Note Creative Markers, Pastel Highlighters, Art Marker Set, Assorted Colors, Chisel Tip, 24 Count - School, Home, and Office Use, Teacher Supplies</p><p> -60% 0FF </p><p>$8.83</p><a href="https://www.amazon.com/dp/B08698MJWT?tag=eloabder-20&linkCode=osi&th=1&psc=1">View Product</a></div>
<div class="product"><a href="https://www.amazon.com/dp/B097DPQPYN?tag=eloabder-20&linkCode=osi&th=1&psc=1"><img src="https://m.media-amazon.com/images/I/51nFyQPtfkL._SL500_.jpg" alt="Product Image"></a><p>Sonuimy Pencil Sharpeners, 4 Pcs Pencil Sharpeners Manual,Dual Holes Compact Colored Handheld Pencil Sharpener for Kids with Lid Adults Students School Class Home Office (Covered)</p><p> -13% 0FF </p><p>$4.49</p><a href="https://www.amazon.com/dp/B097DPQPYN?tag=eloabder-20&linkCode=osi&th=1&psc=1">View Product</a></div><div class="product"><a href="https://www.amazon.com/dp/B000MFN1G8?tag=eloabder-20&linkCode=osi&th=1&psc=1"><img src="https://m.media-amazon.com/images/I/41JPflroUEL._SL500_.jpg" alt="Product Image"></a><p>Compact Desktop Electric Pencil Sharpener, Black, Sold as 1 Each</p><p> -21% 0FF </p><p>$15.89</p><a href="https://www.amazon.com/dp/B000MFN1G8?tag=eloabder-20&linkCode=osi&th=1&psc=1">View Product</a></div><div class="product"><a href="https://www.amazon.com/dp/B00125KXGI?tag=eloabder-20&linkCode=osi&th=1&psc=1"><img src="https://m.media-amazon.com/images/I/51avY0bZv6L._SL500_.jpg" alt="Product Image"></a><p>Bostitch Office Personal Electric Pencil Sharpener, Powerful Stall-Free Motor, High Capacity Shavings Tray, Blue</p><p> -13% 0FF </p><p>$17.48</p><a href="https://www.amazon.com/dp/B00125KXGI?tag=eloabder-20&linkCode=osi&th=1&psc=1">View Product</a></div><div class="product"><a href="https://www.amazon.com/dp/B078DZY9Z5?tag=eloabder-20&linkCode=osi&th=1&psc=1"><img src="https://m.media-amazon.com/images/I/41KbUFGrXfL._SL500_.jpg" alt="Product Image"></a><p>JARLINK Electric Pencil Sharpener, Heavy-Duty Helical Blade to Fast Sharpen, Auto Stop for No.2/Colored Pencils(6-8mm), AC Adapter/Battery Operated in School Classroom/Office/Home (Black)</p><p> -21% 0FF </p><p>$16.98</p><a href="https://www.amazon.com/dp/B078DZY9Z5?tag=eloabder-20&linkCode=osi&th=1&psc=1">View Product</a></div><div class="product"><a href="https://www.amazon.com/dp/B08DLXH86D?tag=eloabder-20&linkCode=osi&th=1&psc=1"><img src="https://m.media-amazon.com/images/I/41UghsnBycL._SL500_.jpg" alt="Product Image"></a><p>Aogwat Pencil Sharpener Electric Pencil Sharpener for Kids, Blade to Fast Sharpen, Suitable for No.2/School/Classroom/Office/Home (Black)</p><p> -23% 0FF </p><p>$9.99</p><a href="https://www.amazon.com/dp/B08DLXH86D?tag=eloabder-20&linkCode=osi&th=1&psc=1">View Product</a></div><div class="product"><a href="https://www.amazon.com/dp/B000GP0VIU?tag=eloabder-20&linkCode=osi&th=1&psc=1"><img src="https://m.media-amazon.com/images/I/318OKKSwzbL._SL500_.jpg" alt="Product Image"></a><p>Bostitch Office Wall Mount Manual Pencil Sharpener, Tip Saver, 8 Hole Dial, 6X Longer Cutter Life, Vertical or Horizontal Mounting Black (MPS1-BLK)</p><p> -9% 0FF </p><p>$13.18</p><a href="https://www.amazon.com/dp/B000GP0VIU?tag=eloabder-20&linkCode=osi&th=1&psc=1">View Product</a></div>
<div class="product"><a href="https://www.amazon.com/dp/B00094H4LU?tag=eloabder-20&linkCode=osi&th=1&psc=1"><img src="https://m.media-amazon.com/images/I/41f-fbZYU1L._SL500_.jpg" alt="Product Image"></a><p>Paper Mate Erasers | Pink Pearl Large Erasers 12 Count</p><p> -55% 0FF </p><p>$6.03</p><a href="https://www.amazon.com/dp/B00094H4LU?tag=eloabder-20&linkCode=osi&th=1&psc=1">View Product</a></div><div class="product"><a href="https://www.amazon.com/dp/B07DPVVMWB?tag=eloabder-20&linkCode=osi&th=1&psc=1"><img src="https://m.media-amazon.com/images/I/51wLlsENgiL._SL500_.jpg" alt="Product Image"></a><p>Mr. Pen Erasers for Pencils, 120 Pack, Pencil Top Erasers, Eraser Caps, Cap Tops, Topper Erasers. Ereaser</p><p> -24% 0FF </p><p>$5.95</p><a href="https://www.amazon.com/dp/B07DPVVMWB?tag=eloabder-20&linkCode=osi&th=1&psc=1">View Product</a></div><div class="product"><a href="https://www.amazon.com/dp/B07144DC8V?tag=eloabder-20&linkCode=osi&th=1&psc=1"><img src="https://m.media-amazon.com/images/I/51Ed1+HW9cL._SL500_.jpg" alt="Product Image"></a><p>Pentel Hi-Polymer Block Eraser, White, 10/Box (ZEH10PC10)</p><p> -44% 0FF </p><p>$9.99</p><a href="https://www.amazon.com/dp/B07144DC8V?tag=eloabder-20&linkCode=osi&th=1&psc=1">View Product</a></div><div class="product"><a href="https://www.amazon.com/dp/B0047CT6SE?tag=eloabder-20&linkCode=osi&th=1&psc=1"><img src="https://m.media-amazon.com/images/I/41bhWXKeeiL._SL500_.jpg" alt="Product Image"></a><p>Pentel Clic Retractable Eraser with Grip, 3 Pack</p><p> -29% 0FF </p><p>$4.77</p><a href="https://www.amazon.com/dp/B0047CT6SE?tag=eloabder-20&linkCode=osi&th=1&psc=1">View Product</a></div>
<div class="product"><a href="https://www.amazon.com/dp/B09S9X3HV7?tag=eloabder-20&linkCode=osi&th=1&psc=1"><img src="https://m.media-amazon.com/images/I/51GgMyfl5VL._SL500_.jpg" alt="Product Image"></a><p>Color Transparent Ruler Plastic Rulers - Ruler 12 inch, Kids Ruler for School, Ruler with Centimeters, Millimeter and Inches, Assorted Colors, Clear Rulers, 7 Pack School Rulers</p><p> -16% 0FF </p><p>$5.99</p><a href="https://www.amazon.com/dp/B09S9X3HV7?tag=eloabder-20&linkCode=osi&th=1&psc=1">View Product</a></div><div class="product"><a href="https://www.amazon.com/dp/B06XK9VQM4?tag=eloabder-20&linkCode=osi&th=1&psc=1"><img src="https://m.media-amazon.com/images/I/51Glln3n-nL._SL500_.jpg" alt="Product Image"></a><p>Outus 12 Pack Wood Ruler Bulk for Students Wooden School Rulers Gifts Office Classroom Measuring, 2 Scale, 12 Inch and 30 cm</p><p> -6% 0FF </p><p>$7.99</p><a href="https://www.amazon.com/dp/B06XK9VQM4?tag=eloabder-20&linkCode=osi&th=1&psc=1">View Product</a></div><div class="product"><a href="https://www.amazon.com/dp/B0B5MLTG7J?tag=eloabder-20&linkCode=osi&th=1&psc=1"><img src="https://m.media-amazon.com/images/I/51z9LUxLKmL._SL500_.jpg" alt="Product Image"></a><p>DAGONGREN 30 Pack Clear Plastic Rulers 12 Inch,Transparent Assorted Color Metric Bulk Rulers with Inches and Centimeters,Kids Ruler for School,Home,Office</p><p> -9% 0FF </p><p>$9.99</p><a href="https://www.amazon.com/dp/B0B5MLTG7J?tag=eloabder-20&linkCode=osi&th=1&psc=1">View Product</a></div><div class="product"><a href="https://www.amazon.com/dp/B096MPPF53?tag=eloabder-20&linkCode=osi&th=1&psc=1"><img src="https://m.media-amazon.com/images/I/51qUpElDRcS._SL500_.jpg" alt="Product Image"></a><p>Tenare 1 Set Plastic Clear Math Set Includes Protractor Triangle Rulers 12 Inch 6 Inch Straight Geometry Math Transparent Ruler Measuring Tool for School Office Home Supplies(Clear)</p><p> -25% 0FF </p><p>$5.98</p><a href="https://www.amazon.com/dp/B096MPPF53?tag=eloabder-20&linkCode=osi&th=1&psc=1">View Product</a></div>
<div class="product"><a href="https://www.amazon.com/dp/B07YDDX4JL?tag=eloabder-20&linkCode=osi&th=1&psc=1"><img src="https://m.media-amazon.com/images/I/41oBPZwCRLL._SL500_.jpg" alt="Product Image"></a><p>3-Pack 8" Heavy Duty Scissors with Ultra Sharp Blades and Comfort Grip Handles - For Office, Home, School, Sewing, and Crafts</p><p> -15% 0FF </p><p>$8.49 ($2.83 / Count)</p><a href="https://www.amazon.com/dp/B07YDDX4JL?tag=eloabder-20&linkCode=osi&th=1&psc=1">View Product</a></div><div class="product"><a href="https://www.amazon.com/dp/B01BRGU8R0?tag=eloabder-20&linkCode=osi&th=1&psc=1"><img src="https://m.media-amazon.com/images/I/41ANVra+eNL._SL500_.jpg" alt="Product Image"></a><p>Amazon Basics Stainless Steel Scissors for Office, Crafts, Multipurpose, Sharp, Comfort Grip, PVD Coated, 3 Pack, Multicolor</p><p> -45% 0FF </p><p>$7.55</p><a href="https://www.amazon.com/dp/B01BRGU8R0?tag=eloabder-20&linkCode=osi&th=1&psc=1">View Product</a></div><div class="product"><a href="https://www.amazon.com/dp/B000P0LNRE?tag=eloabder-20&linkCode=osi&th=1&psc=1"><img src="https://m.media-amazon.com/images/I/41fWgMTO0JL._SL500_.jpg" alt="Product Image"></a><p>Westcott 8-Inch Titanium-Bonded Scissors with Adjustable Glide Feature for Office and Home - Gray/Yellow, 2-Pack</p><p> -33% 0FF </p><p>$9.97</p><a href="https://www.amazon.com/dp/B000P0LNRE?tag=eloabder-20&linkCode=osi&th=1&psc=1">View Product</a></div>
<div class="product"><a href="https://www.amazon.com/dp/B074ZRZ4CZ?tag=eloabder-20&linkCode=osi&th=1&psc=1"><img src="https://m.media-amazon.com/images/I/41bu+HKxC2L._SL500_.jpg" alt="Product Image"></a><p>Swingline Commercial Stapler, 20 Sheet Capacity, Jam Free, Metal, 2 Pack, Black (44401AZ)</p><p> -5% 0FF </p><p>$18.98</p><a href="https://www.amazon.com/dp/B074ZRZ4CZ?tag=eloabder-20&linkCode=osi&th=1&psc=1">View Product</a></div><div class="product"><a href="https://www.amazon.com/dp/B001PME62K?tag=eloabder-20&linkCode=osi&th=1&psc=1"><img src="https://m.media-amazon.com/images/I/41gbaJu-3iL._SL500_.jpg" alt="Product Image"></a><p>Swingline Stapler, 40 Sheet Capacity, Optima 40, Jam Free, Reduced Effort, Soft Grip, Metal, Orange and Gray (87845)</p><p> -14% 0FF </p><p>$24.19</p><a href="https://www.amazon.com/dp/B001PME62K?tag=eloabder-20&linkCode=osi&th=1&psc=1">View Product</a></div><div class="product"><a href="https://www.amazon.com/dp/B0D2JBKYM1?tag=eloabder-20&linkCode=osi&th=1&psc=1"><img src="https://m.media-amazon.com/images/I/41zFTU9QpfL._SL500_.jpg" alt="Product Image"></a><p>Bostitch Office Stapler, No-Jam Premium for Desktop, Includes 1,250 Staples, Full-Strip, 25 Sheet Capacity, Black</p><p> -26% 0FF </p><p>$6.99</p><a href="https://www.amazon.com/dp/B0D2JBKYM1?tag=eloabder-20&linkCode=osi&th=1&psc=1">View Product</a></div><div class="product"><a href="https://www.amazon.com/dp/B0CC5GJKM1?tag=eloabder-20&linkCode=osi&th=1&psc=1"><img src="https://m.media-amazon.com/images/I/41JDDoSZQiL._SL500_.jpg" alt="Product Image"></a><p>Metal Stapler Heavy Duty 50 Sheet Capacity with 1750 Staples and Staple Remover, Full Strip Staplers for Desk, No Jam, Non-Slip for Office & Classroom, Black</p><p> -33% 0FF </p><p>$13.29</p><a href="https://www.amazon.com/dp/B0CC5GJKM1?tag=eloabder-20&linkCode=osi&th=1&psc=1">View Product</a></div><div class="product"><a href="https://www.amazon.com/dp/B0006HUQZ6?tag=eloabder-20&linkCode=osi&th=1&psc=1"><img src="https://m.media-amazon.com/images/I/31e-T-f1TGL._SL500_.jpg" alt="Product Image"></a><p>Swingline Stapler, 30 Sheet Capacity, 747 Business Stapler, Jam Free, Metal, Rio Red (74736)</p><p> -23% 0FF </p><p>$15.30</p><a href="https://www.amazon.com/dp/B0006HUQZ6?tag=eloabder-20&linkCode=osi&th=1&psc=1">View Product</a></div>
<div class="product"><a href="https://www.amazon.com/dp/B00J8PJJF0?tag=eloabder-20&linkCode=osi&th=1&psc=1"><img src="https://m.media-amazon.com/images/I/418dc+5ZGkL._SL500_.jpg" alt="Product Image"></a><p>Bostitch Office Premium Standard Staples, 1/4" Full Strip, Box of 5,000 Staples</p><p> -27% 0FF </p><p>$4.39</p><a href="https://www.amazon.com/dp/B00J8PJJF0?tag=eloabder-20&linkCode=osi&th=1&psc=1">View Product</a></div><div class="product"><a href="https://www.amazon.com/dp/B079VYR12V?tag=eloabder-20&linkCode=osi&th=1&psc=1"><img src="https://m.media-amazon.com/images/I/51xAt88vqrL._SL500_.jpg" alt="Product Image"></a><p>Officemate Standard Staples, 10 Boxes General Purpose Staple (91950)</p><p> -10% 0FF </p><p>$14.37</p><a href="https://www.amazon.com/dp/B079VYR12V?tag=eloabder-20&linkCode=osi&th=1&psc=1">View Product</a></div><div class="product"><a href="https://www.amazon.com/dp/B00006IFMQ?tag=eloabder-20&linkCode=osi&th=1&psc=1"><img src="https://m.media-amazon.com/images/I/51UsWZuFq8L._SL500_.jpg" alt="Product Image"></a><p>Bostitch Office B8 PowerCrown 0.25 Inch Staples, Pack of 5,000 Staples (STCRP21151/4), Silver</p><p> -30% 0FF </p><p>$2.33</p><a href="https://www.amazon.com/dp/B00006IFMQ?tag=eloabder-20&linkCode=osi&th=1&psc=1">View Product</a></div>

<div class="product"><a href="https://www.amazon.com/dp/B0033J6V3A?tag=eloabder-20&linkCode=osi&th=1&psc=1"><img src="https://m.media-amazon.com/images/I/21o5ASbichL._SL500_.jpg" alt="Product Image"></a><p>NuSparc 2 Drawer Locking Filing Cabinet | Pre-Assembled Steel Construction | Space-Saving Design is Perfect for Home and Small Office | Letter-Size | Assembled in North America</p><p> -14% 0FF </p><p>$76.99</p><a href="https://www.amazon.com/dp/B0033J6V3A?tag=eloabder-20&linkCode=osi&th=1&psc=1">View Product</a></div><div class="product"><a href="https://www.amazon.com/dp/B0D9XYD75W?tag=eloabder-20&linkCode=osi&th=1&psc=1"><img src="https://m.media-amazon.com/images/I/31VM3xK++PL._SL500_.jpg" alt="Product Image"></a><p>BYNSOE 2 Drawer File Cabinet with Lock Vertical Filing Storage Cabinet Office Home Steel Vertical File Cabinets for Letter Size File Cabinet Locked,Assembly Required</p><p> -8% 0FF </p><p>$54.99</p><a href="https://www.amazon.com/dp/B0D9XYD75W?tag=eloabder-20&linkCode=osi&th=1&psc=1">View Product</a></div><div class="product"><a href="https://www.amazon.com/dp/B0989HLF81?tag=eloabder-20&linkCode=osi&th=1&psc=1"><img src="https://m.media-amazon.com/images/I/51vzgnkbcjL._SL500_.jpg" alt="Product Image"></a><p>DEVAISE 3 Drawer Mobile File Cabinet, Wood Lateral Filing Cabinet, Printer Stand with Open Shelves for Home Office, Rustic Brown</p><p> -21% 0FF </p><p>$74.99</p><a href="https://www.amazon.com/dp/B0989HLF81?tag=eloabder-20&linkCode=osi&th=1&psc=1">View Product</a></div>
<div class="product"><a href="https://www.amazon.com/dp/B00006RSQD?tag=eloabder-20&linkCode=osi&th=1&psc=1"><img src="https://m.media-amazon.com/images/I/315rez3KpeL._SL500_.jpg" alt="Product Image"></a><p>Bush Business Furniture Series C 36W Tall 5 Shelf Bookcase in Hansen Cherry, Large Storage and Display Bookshelf for Home or Professional Office</p><p> -8% 0FF </p><p>$239.49</p><a href="https://www.amazon.com/dp/B00006RSQD?tag=eloabder-20&linkCode=osi&th=1&psc=1">View Product</a></div>
<div class="product"><a href="https://www.amazon.com/dp/B09F6JPYSY?tag=eloabder-20&linkCode=osi&th=1&psc=1"><img src="https://m.media-amazon.com/images/I/51fGLH7lhHL._SL500_.jpg" alt="Product Image"></a><p>SPACELEAD Slim Storage Cart 3 Tier,Bathroom Organizer Rolling Utility,Mobile Shelving Unit Slide Out for Office, Kitchen, Laundry Room & Narrow Places,Black</p><p> -30% 0FF </p><p>$20.99</p><a href="https://www.amazon.com/dp/B09F6JPYSY?tag=eloabder-20&linkCode=osi&th=1&psc=1">View Product</a></div><div class="product"><a href="https://www.amazon.com/dp/B08KFTVGQY?tag=eloabder-20&linkCode=osi&th=1&psc=1"><img src="https://m.media-amazon.com/images/I/51BjUEmGaiL._SL500_.jpg" alt="Product Image"></a><p>SONGMICS Cube Storage Organizer, Set of 16 Plastic Cubes, Closet Organizers and Storage, Room Organization, Bedroom Living Room, 12.2 x 48.4 x 48.4 Inches, Rustic Brown ULPC442A01</p><p> -15% 0FF </p><p>$46.99</p><a href="https://www.amazon.com/dp/B08KFTVGQY?tag=eloabder-20&linkCode=osi&th=1&psc=1">View Product</a></div><div class="product"><a href="https://www.amazon.com/dp/B0DG359YX5?tag=eloabder-20&linkCode=osi&th=1&psc=1"><img src="https://m.media-amazon.com/images/I/41OBXL4HJdL._SL500_.jpg" alt="Product Image"></a><p>VIVO Clamp-on 13 inch Above or Below Desk 2-Tier Shelving Unit for Table Accessories, Gaming Devices, and More, Storage Tray, Desktop Organizer, Rustic Vintage Brown, STAND-SHELF2C-N</p><p> -20% 0FF </p><p>$39.99</p><a href="https://www.amazon.com/dp/B0DG359YX5?tag=eloabder-20&linkCode=osi&th=1&psc=1">View Product</a></div><div class="product"><a href="https://www.amazon.com/dp/B0D7S5GGP6?tag=eloabder-20&linkCode=osi&th=1&psc=1"><img src="https://m.media-amazon.com/images/I/51EriWG2BLL._SL500_.jpg" alt="Product Image"></a><p>C&AHOME Wire Cube Storage, 9 - Cube Organizer Metal C Grids, Modular Shelves Units, Closet Organizer, Ideal for Home, Office, Living Room, 36.6”L x 12.4”W x 48.4”H, Silver Gray UWCS3009G</p><p> -33% 0FF </p><p>$28.87</p><a href="https://www.amazon.com/dp/B0D7S5GGP6?tag=eloabder-20&linkCode=osi&th=1&psc=1">View Product</a></div>
<div class="product"><a href="https://www.amazon.com/dp/B0B1M6ML2J?tag=eloabder-20&linkCode=osi&th=1&psc=1"><img src="https://m.media-amazon.com/images/I/51pX2Qo38JL._SL500_.jpg" alt="Product Image"></a><p>WOWBOX 25 PCS Clear Plastic Drawer Organizer Set, 4 Sizes Desk Drawer Divider Organizers and Storage Bins for Makeup, Jewelry, Gadgets for Kitchen, Bedroom, Bathroom, Office</p><p> -35% 0FF </p><p>$16.13 ($0.65 / Count)</p><a href="https://www.amazon.com/dp/B0B1M6ML2J?tag=eloabder-20&linkCode=osi&th=1&psc=1">View Product</a></div><div class="product"><a href="https://www.amazon.com/dp/B0DB8F7GDN?tag=eloabder-20&linkCode=osi&th=1&psc=1"><img src="https://m.media-amazon.com/images/I/51iOtKHzvCL._SL500_.jpg" alt="Product Image"></a><p>OPNICE Desk Organizer and Accessories, 2-Tier Computer Monitor Stand Riser with Drawer and 2 Pen Holders, Laptop Stand, Office Desk Accessories for Office Supplies, Black</p><p> -27% 0FF </p><p>$21.99</p><a href="https://www.amazon.com/dp/B0DB8F7GDN?tag=eloabder-20&linkCode=osi&th=1&psc=1">View Product</a></div><div class="product"><a href="https://www.amazon.com/dp/B0FQ86P4M3?tag=eloabder-20&linkCode=osi&th=1&psc=1"><img src="https://m.media-amazon.com/images/I/41ZDdyGnPxL._SL500_.jpg" alt="Product Image"></a><p>Mind Reader 2-Tier Desk Organizer with Clamp, Accessory Shelf for Office or Gaming, Office, Metal, White</p><p> -5% 0FF </p><p>$37.99</p><a href="https://www.amazon.com/dp/B0FQ86P4M3?tag=eloabder-20&linkCode=osi&th=1&psc=1">View Product</a></div><div class="product"><a href="https://www.amazon.com/dp/B0BYDGF8DT?tag=eloabder-20&linkCode=osi&th=1&psc=1"><img src="https://m.media-amazon.com/images/I/51sE2GzgVNL._SL500_.jpg" alt="Product Image"></a><p>OPNICE Desk Organizer and Accessories, 4-Tier Desktop File Organizer with Drawer and 2 Pen Holders, Office Desk Accessories, Workspace Organizers for Office Supplies(Black)</p><p> -33% 0FF </p><p>$19.99</p><a href="https://www.amazon.com/dp/B0BYDGF8DT?tag=eloabder-20&linkCode=osi&th=1&psc=1">View Product</a></div><div class="product"><a href="https://www.amazon.com/dp/B0DJKSMV2T?tag=eloabder-20&linkCode=osi&th=1&psc=1"><img src="https://m.media-amazon.com/images/I/41gO3CCIg1L._SL500_.jpg" alt="Product Image"></a><p>gianotter Dual Monitor Stand Riser, Desk Organizer With Drawer and 2 Pen Holders, Computer Monitor Stand, Shelf for Top of Desk, Black</p><p> -28% 0FF </p><p>$25.99</p><a href="https://www.amazon.com/dp/B0DJKSMV2T?tag=eloabder-20&linkCode=osi&th=1&psc=1">View Product</a></div><div class="product"><a href="https://www.amazon.com/dp/B0BWTT3WK1?tag=eloabder-20&linkCode=osi&th=1&psc=1"><img src="https://m.media-amazon.com/images/I/51JTe2SjicL._SL500_.jpg" alt="Product Image"></a><p>gianotter Desk Organizers and Accessories with File Holder, 4-Tier Desk Accessories & Workspace Organizers with Drawer and 2 Pen Holder, Paper Organizer for Office Supplies (Rose Gold)</p><p> -27% 0FF </p><p>$23.99</p><a href="https://www.amazon.com/dp/B0BWTT3WK1?tag=eloabder-20&linkCode=osi&th=1&psc=1">View Product</a></div><div class="product"><a href="https://www.amazon.com/dp/B09QKDY1YY?tag=eloabder-20&linkCode=osi&th=1&psc=1"><img src="https://m.media-amazon.com/images/I/519UVM73B6L._SL500_.jpg" alt="Product Image"></a><p>Supeasy 5 Trays Paper Organizer Letter Tray with Handle-Mesh Desk File Organizer, Paper Sorter Desk Organizer for Office, Home or School</p><p> -17% 0FF </p><p>$19.99</p><a href="https://www.amazon.com/dp/B09QKDY1YY?tag=eloabder-20&linkCode=osi&th=1&psc=1">View Product</a></div><div class="product"><a href="https://www.amazon.com/dp/B08PBFKGJG?tag=eloabder-20&linkCode=osi&th=1&psc=1"><img src="https://m.media-amazon.com/images/I/61WfW0WLsqL._SL500_.jpg" alt="Product Image"></a><p>Marbrasse 6 Tier Paper Organizer Letter Tray - Mesh Desk File Organizer with Handle, Paper Sorter Organizer for Letter/A4 Office File Folder Holder - Black</p><p> -23% 0FF </p><p>$19.98</p><a href="https://www.amazon.com/dp/B08PBFKGJG?tag=eloabder-20&linkCode=osi&th=1&psc=1">View Product</a></div><div class="product"><a href="https://www.amazon.com/dp/B09K5927B5?tag=eloabder-20&linkCode=osi&th=1&psc=1"><img src="https://m.media-amazon.com/images/I/51u5tZ4jR6L._SL500_.jpg" alt="Product Image"></a><p>Marbrasse Desk Organizer with File Holder, 5-Tier Paper Letter Tray Organizer with Drawer and 2 Pen Holder, Mesh Desktop Organizer and Storage with Magazine Holder for Office Supplies(Black)</p><p> -24% 0FF </p><p>$33.99</p><a href="https://www.amazon.com/dp/B09K5927B5?tag=eloabder-20&linkCode=osi&th=1&psc=1">View Product</a></div>
<div class="product"><a href="https://www.amazon.com/dp/B0CNXF7SVS?tag=eloabder-20&linkCode=osi&th=1&psc=1"><img src="https://m.media-amazon.com/images/I/51a6EswyTZL._SL500_.jpg" alt="Product Image"></a><p>Manalete Drawer Organizers Set of 15, 4 Sizes Clear Plastic Drawer Organizers and Storage Bins for Kitchen, Bathroom, Office, Dresser Desk Drawer Organizer Tray for Jewelry, Makeup, Junk, Gadgets</p><p> -29% 0FF </p><p>$9.99</p><a href="https://www.amazon.com/dp/B0CNXF7SVS?tag=eloabder-20&linkCode=osi&th=1&psc=1">View Product</a></div><div class="product"><a href="https://www.amazon.com/dp/B0CCY5X6SS?tag=eloabder-20&linkCode=osi&th=1&psc=1"><img src="https://m.media-amazon.com/images/I/41Iye-vPXJL._SL500_.jpg" alt="Product Image"></a><p>Bamboo Drawer Organizer Set, 5 PCS Multi-Use Individual Wood Storage Organizers, Junk Drawer Divider and Storage Trays Containers for Kitchen, Bathroom, Office Desk, Makeup, Jewelry, Utensils</p><p> -20% 0FF </p><p>$19.99 ($4.00 / Count)</p><a href="https://www.amazon.com/dp/B0CCY5X6SS?tag=eloabder-20&linkCode=osi&th=1&psc=1">View Product</a></div><div class="product"><a href="https://www.amazon.com/dp/B0CCDJQ7MM?tag=eloabder-20&linkCode=osi&th=1&psc=1"><img src="https://m.media-amazon.com/images/I/51kU0WJxdsL._SL500_.jpg" alt="Product Image"></a><p>Marbrasse Expandable Desk Drawer Organizer, Mesh Drawer Organizer Tray with 10 Adjustable Compartments, Desk Organizers and Accessories, 5 Dividers Drawer for Office Supplies, Makeup & Vanity (Black)</p><p> -15% 0FF </p><p>$17.84</p><a href="https://www.amazon.com/dp/B0CCDJQ7MM?tag=eloabder-20&linkCode=osi&th=1&psc=1">View Product</a></div><div class="product"><a href="https://www.amazon.com/dp/B0DM27MBZN?tag=eloabder-20&linkCode=osi&th=1&psc=1"><img src="https://m.media-amazon.com/images/I/41hAfSMnrZL._SL500_.jpg" alt="Product Image"></a><p>ElegantArray 12 PCS Drawer Organizer Set, 4 Sizes Storage Drawer Units, Clear Plastic Makeup Vanity Organizer and Storage Bins for Makeup, Stationeries, Multiple Gadgets for Bathroom, Office, Bedroom</p><p> -31% 0FF </p><p>$8.99</p><a href="https://www.amazon.com/dp/B0DM27MBZN?tag=eloabder-20&linkCode=osi&th=1&psc=1">View Product</a></div>
<div class="product"><a href="https://www.amazon.com/dp/B0C4T42TPC?tag=eloabder-20&linkCode=osi&th=1&psc=1"><img src="https://m.media-amazon.com/images/I/318IsyAsPXL._SL500_.jpg" alt="Product Image"></a><p>Adjustable Mobile CPU Stand, Ventilated Computer Tower Stand with 4 Caster Wheels Fits Most PC Tower, Under Desk CPU Holder PC Floor Cart Computer Riser for Gamers and Students (Black)</p><p> -21% 0FF </p><p>$14.21</p><a href="https://www.amazon.com/dp/B0C4T42TPC?tag=eloabder-20&linkCode=osi&th=1&psc=1">View Product</a></div><div class="product"><a href="https://www.amazon.com/dp/B094QTGHNZ?tag=eloabder-20&linkCode=osi&th=1&psc=1"><img src="https://m.media-amazon.com/images/I/31VzBQ+jwWL._SL500_.jpg" alt="Product Image"></a><p>WALI Computer Monitor Stand for Desk, Adjustable Laptop Riser, Desk Monitor Stand Underneath Storage for Office, Home, School Supplies (STT003), 1 Pack, Black</p><p> -32% 0FF </p><p>$16.99</p><a href="https://www.amazon.com/dp/B094QTGHNZ?tag=eloabder-20&linkCode=osi&th=1&psc=1">View Product</a></div><div class="product"><a href="https://www.amazon.com/dp/B07H4DMLVH?tag=eloabder-20&linkCode=osi&th=1&psc=1"><img src="https://m.media-amazon.com/images/I/31eTfKhpSWL._SL500_.jpg" alt="Product Image"></a><p>HUANUO Monitor Stand, Monitor Stand Riser 3 Height Adjustable, Monitor Riser with Airflow Vents, Laptop Stand for Desk, Laptop Riser, Desk Organizer for Monitor, 15.6" Laptop, PC, Printer</p><p> -11% 0FF </p><p>$15.19</p><a href="https://www.amazon.com/dp/B07H4DMLVH?tag=eloabder-20&linkCode=osi&th=1&psc=1">View Product</a></div><div class="product"><a href="https://www.amazon.com/dp/B0D69W6H91?tag=eloabder-20&linkCode=osi&th=1&psc=1"><img src="https://m.media-amazon.com/images/I/51rQI+gi3lL._SL500_.jpg" alt="Product Image"></a><p>JANE EYRE Computer Tower Stand - Adjustable PC Tower Stand CPU Holder Cart with Charging Station for Office Home Classroom,23.03"-28.3" H, black</p><p> -10% 0FF </p><p>$53.99</p><a href="https://www.amazon.com/dp/B0D69W6H91?tag=eloabder-20&linkCode=osi&th=1&psc=1">View Product</a></div><div class="product"><a href="https://www.amazon.com/dp/B0C4T34L9Y?tag=eloabder-20&linkCode=osi&th=1&psc=1"><img src="https://m.media-amazon.com/images/I/51BNMGXNOEL._SL500_.jpg" alt="Product Image"></a><p>BONTEC Wooden Monitor Stand Riser, 2-Tier Desk Shelf with Storage Organizer, Ergonomic Computer Stand with Cable Management, Cellphone Holder, White, 16.5 Inch</p><p> -33% 0FF </p><p>$18.04</p><a href="https://www.amazon.com/dp/B0C4T34L9Y?tag=eloabder-20&linkCode=osi&th=1&psc=1">View Product</a></div><div class="product"><a href="https://www.amazon.com/dp/B08BRCT4JH?tag=eloabder-20&linkCode=osi&th=1&psc=1"><img src="https://m.media-amazon.com/images/I/41Ga6A+cXbL._SL500_.jpg" alt="Product Image"></a><p>BESIGN LS03 Aluminum Laptop Stand, Ergonomic Detachable Computer Stand, Notebook Riser Compatible with Air, Pro, Dell, HP, Lenovo More 10-15.6" Laptops, Silver</p><p> -25% 0FF </p><p>$14.98</p><a href="https://www.amazon.com/dp/B08BRCT4JH?tag=eloabder-20&linkCode=osi&th=1&psc=1">View Product</a></div>
<div class="product"><a href="https://www.amazon.com/dp/B07Q79ZZJ6?tag=eloabder-20&linkCode=osi&th=1&psc=1"><img src="https://m.media-amazon.com/images/I/31-LBzENQIL._SL500_.jpg" alt="Product Image"></a><p>Single LCD Computer Monitor Free-Standing Desk Stand Mount Riser for 13 inch to 32 inch screen with Swivel, Height Adjustable, Rotation, Vesa Base Stand Holds One (1) Screen up to 77Lbs(HT05B-001))</p><p> -34% 0FF </p><p>$21.99</p><a href="https://www.amazon.com/dp/B07Q79ZZJ6?tag=eloabder-20&linkCode=osi&th=1&psc=1">View Product</a></div><div class="product"><a href="https://www.amazon.com/dp/B082845XM8?tag=eloabder-20&linkCode=osi&th=1&psc=1"><img src="https://m.media-amazon.com/images/I/41uRH1B7HgL._SL500_.jpg" alt="Product Image"></a><p>Dual Monitor Stand - Vertical Stack Screen Free-Standing Monitor Riser Fits Two 13 to 34 Inch Screen with Swivel, Tilt, Height Adjustable, Holds One (1) Screen Up to 44Lbs</p><p> -5% 0FF </p><p>$31.56</p><a href="https://www.amazon.com/dp/B082845XM8?tag=eloabder-20&linkCode=osi&th=1&psc=1">View Product</a></div><div class="product"><a href="https://www.amazon.com/dp/B00X4SCCFG?tag=eloabder-20&linkCode=osi&th=1&psc=1"><img src="https://m.media-amazon.com/images/I/21X2klzUZGL._SL500_.jpg" alt="Product Image"></a><p>Amazon Basics Height Adjustable Rectangular Computer Monitor Riser Desk Stand with Storage for Reduced Neck Strain - Fits Monitors, Laptops Up to 22lbs, Black</p><p> -35% 0FF </p><p>$14.06</p><a href="https://www.amazon.com/dp/B00X4SCCFG?tag=eloabder-20&linkCode=osi&th=1&psc=1">View Product</a></div>
<div class="product"><a href="https://www.amazon.com/dp/B07HFDJCSL?tag=eloabder-20&linkCode=osi&th=1&psc=1"><img src="https://m.media-amazon.com/images/I/41DR7qY1naL._SL500_.jpg" alt="Product Image"></a><p>VIVO Large Keyboard Tray Under Desk Pull Out with Extra Sturdy C Clamp Mount System, 27 (33 Including Clamps) x 11 Inch Slide-Out Platform Computer Drawer for Typing, Black, MOUNT-KB05E</p><p> -17% 0FF </p><p>$49.99</p><a href="https://www.amazon.com/dp/B07HFDJCSL?tag=eloabder-20&linkCode=osi&th=1&psc=1">View Product</a></div><div class="product"><a href="https://www.amazon.com/dp/B082NKBM62?tag=eloabder-20&linkCode=osi&th=1&psc=1"><img src="https://m.media-amazon.com/images/I/41qQ3p9-mrL._SL500_.jpg" alt="Product Image"></a><p>HUANUO Keyboard Tray Under Desk, 360 Adjustable Ergonomic Sliding Keyboard & Mouse Tray, Under Desk Keyboard Tray Slide Out, Keyboard Holder Under Desk for Typing in Home, Office Work, 25"W x 9.84"D</p><p> -33% 0FF </p><p>$59.98</p><a href="https://www.amazon.com/dp/B082NKBM62?tag=eloabder-20&linkCode=osi&th=1&psc=1">View Product</a></div><div class="product"><a href="https://www.amazon.com/dp/B0F23GTKHL?tag=eloabder-20&linkCode=osi&th=1&psc=1"><img src="https://m.media-amazon.com/images/I/41dmHoeznDL._SL500_.jpg" alt="Product Image"></a><p>Zontera Ergonomic Mouse & Keyboard Tray Under Desk, Pull Out with Adjustable C-clamp, 20 (25.9 Including Clamps) x 11.8 Inch Slide Out Computer Keyboard Drawer Mouse Tray for Typing, Black</p><p> -7% 0FF </p><p>$25.99</p><a href="https://www.amazon.com/dp/B0F23GTKHL?tag=eloabder-20&linkCode=osi&th=1&psc=1">View Product</a></div><div class="product"><a href="https://www.amazon.com/dp/B01IIGMBVI?tag=eloabder-20&linkCode=osi&th=1&psc=1"><img src="https://m.media-amazon.com/images/I/21Vw8003F0L._SL500_.jpg" alt="Product Image"></a><p>Alera ALE Valencia Series Underdesk Keyboard/Mouse Shelf, 28w x 12d, Black</p><p> -50% 0FF </p><p>$29.22</p><a href="https://www.amazon.com/dp/B01IIGMBVI?tag=eloabder-20&linkCode=osi&th=1&psc=1">View Product</a></div>
<div class="product"><a href="https://www.amazon.com/dp/B07C3XZMC6?tag=eloabder-20&linkCode=osi&th=1&psc=1"><img src="https://m.media-amazon.com/images/I/31Eojf7glwL._SL500_.jpg" alt="Product Image"></a><p>JIKIOU 3 Pack Mouse Pad with Stitched Edge, Comfortable Mouse Pads with Non-Slip Rubber Base, Washable Mousepads Bulk with Comfortable Cloth, Mouse Pads for Computers Laptop Mouse 10.2x8.3inch Black</p><p> -29% 0FF </p><p>$7.99</p><a href="https://www.amazon.com/dp/B07C3XZMC6?tag=eloabder-20&linkCode=osi&th=1&psc=1">View Product</a></div><div class="product"><a href="https://www.amazon.com/dp/B085XRMSTT?tag=eloabder-20&linkCode=osi&th=1&psc=1"><img src="https://m.media-amazon.com/images/I/31aDSI0sFoL._SL500_.jpg" alt="Product Image"></a><p>EooCoo Ergonomic Mouse Pad with Wrist Support, Mousepad with Memory Foam Wrist Rest and Non-Slip Base for Computer, Cafe, Home & Office, 9.64 x 8.26 in Office Desk Accessories</p><p> -36% 0FF </p><p>$6.99</p><a href="https://www.amazon.com/dp/B085XRMSTT?tag=eloabder-20&linkCode=osi&th=1&psc=1">View Product</a></div>
<div class="product"><a href="https://www.amazon.com/dp/B0BRCJL4MM?tag=eloabder-20&linkCode=osi&th=1&psc=1"><img src="https://m.media-amazon.com/images/I/41sggzaNbPL._SL500_.jpg" alt="Product Image"></a><p>Led Desk Lamp for Office Home - Eye Caring Architect lamp with Clamp,Dual Screen Computer Monitor Gooseneck Smart Light: 24W 5 Color Flexible Adjustable Lighting Table Lamp for Study Drafting</p><p> -13% 0FF </p><p>$69.99</p><a href="https://www.amazon.com/dp/B0BRCJL4MM?tag=eloabder-20&linkCode=osi&th=1&psc=1">View Product</a></div><div class="product"><a href="https://www.amazon.com/dp/B0BNHNG5CY?tag=eloabder-20&linkCode=osi&th=1&psc=1"><img src="https://m.media-amazon.com/images/I/51ccmdZe2YL._SL500_.jpg" alt="Product Image"></a><p>Micomlan Led Desk Lamp with Clamp, Architect Desk Lamp for Home Office with Atmosphere Lighting, 24W Ultra Bright Auto Dimming Computer Light Stepless Dimming and Tempering LED Table Light</p><p> -27% 0FF </p><p>$49.99</p><a href="https://www.amazon.com/dp/B0BNHNG5CY?tag=eloabder-20&linkCode=osi&th=1&psc=1">View Product</a></div><div class="product"><a href="https://www.amazon.com/dp/B078W61H9P?tag=eloabder-20&linkCode=osi&th=1&psc=1"><img src="https://m.media-amazon.com/images/I/31aebwb3nqL._SL500_.jpg" alt="Product Image"></a><p>LEPOWER Metal Desk Lamp, Eye-Caring Table Lamp, Study Lamps with Flexible Goose Neck for Bedroom, Home Office (Matte Black)</p><p> -24% 0FF </p><p>$24.99</p><a href="https://www.amazon.com/dp/B078W61H9P?tag=eloabder-20&linkCode=osi&th=1&psc=1">View Product</a></div><div class="product"><a href="https://www.amazon.com/dp/B0D1DLY4H4?tag=eloabder-20&linkCode=osi&th=1&psc=1"><img src="https://m.media-amazon.com/images/I/41sKiuSIwRL._SL500_.jpg" alt="Product Image"></a><p>SKYLEO Led Desk Lamp - Desk Light for 31.5" Tall - 5 Color Modes X 11 Brightness Levels - Adjustable Swing Arm - Timmer & Memory Function - 12W Lamp for Desk - Black</p><p> -23% 0FF </p><p>$19.99</p><a href="https://www.amazon.com/dp/B0D1DLY4H4?tag=eloabder-20&linkCode=osi&th=1&psc=1">View Product</a></div><div class="product"><a href="https://www.amazon.com/dp/B0D2LGK82V?tag=eloabder-20&linkCode=osi&th=1&psc=1"><img src="https://m.media-amazon.com/images/I/41UpQ-qygDL._SL500_.jpg" alt="Product Image"></a><p>Addtam LED Desk Lamp, Power Strip with 3 Outlets 4 USB Charging Ports(2 USBC), 4 Modes 5 Level Brightness Touch Lamp, Small Desk Lamp for Home Office College Dorm Room Essentials</p><p> -23% 0FF </p><p>$16.99</p><a href="https://www.amazon.com/dp/B0D2LGK82V?tag=eloabder-20&linkCode=osi&th=1&psc=1">View Product</a></div><div class="product"><a href="https://www.amazon.com/dp/B08LMTQ7ZF?tag=eloabder-20&linkCode=osi&th=1&psc=1"><img src="https://m.media-amazon.com/images/I/21vKPX2KHML._SL500_.jpg" alt="Product Image"></a><p>Lepro LED Desk Lamp for Home Office, 9.5W 750LM Metal Touch Control Desk Light, 5 Color Modes 5 Brightness Level, Eye Caring Task Lamp For Reading, Sewing, Crafts, School Supplies, Puzzle Light, Black</p><p> -13% 0FF </p><p>$24.99</p><a href="https://www.amazon.com/dp/B08LMTQ7ZF?tag=eloabder-20&linkCode=osi&th=1&psc=1">View Product</a></div>
<div class="product"><a href="https://www.amazon.com/dp/B0D7BXNDP4?tag=eloabder-20&linkCode=osi&th=1&psc=1"><img src="https://m.media-amazon.com/images/I/41DuEunZ1+L._SL500_.jpg" alt="Product Image"></a><p>Monitor Fan with Clamp & Light Bar Desk Lamp with fan for Office mini Desk fan small quiet with lamp for PC Laptops Tablet for Home Office Portable Working Reading Stand Lamp</p><p> -5% 0FF </p><p>$15.19</p><a href="https://www.amazon.com/dp/B0D7BXNDP4?tag=eloabder-20&linkCode=osi&th=1&psc=1">View Product</a></div><div class="product"><a href="https://www.amazon.com/dp/B07K1D41DC?tag=eloabder-20&linkCode=osi&th=1&psc=1"><img src="https://m.media-amazon.com/images/I/310MAouNV-L._SL500_.jpg" alt="Product Image"></a><p>OttLite Cool Breeze LED Lamp with Bladeless Fan - 3 Speed Options & 5 Brightness Settings with Energy Efficient Natural Daylight LEDs - Desktop, Table or Nightstand Lamp for Studying or Reading</p><p> -14% 0FF </p><p>$89.98</p><a href="https://www.amazon.com/dp/B07K1D41DC?tag=eloabder-20&linkCode=osi&th=1&psc=1">View Product</a></div>
<div class="product"><a href="https://www.amazon.com/dp/B0CXSXL1F2?tag=eloabder-20&linkCode=osi&th=1&psc=1"><img src="https://m.media-amazon.com/images/I/41H6cndt7iL._SL500_.jpg" alt="Product Image"></a><p>9 Pack Lined Sticky Notes 4x6 in Post Sticky Notes with Lines, 9 Bright Colors Self Sticky Notes Pad Its, Large Ruled Sticky Note for Office, Home, 35 Sheets/Pad</p><p> -33% 0FF </p><p>$7.99</p><a href="https://www.amazon.com/dp/B0CXSXL1F2?tag=eloabder-20&linkCode=osi&th=1&psc=1">View Product</a></div><div class="product"><a href="https://www.amazon.com/dp/B019QROV9S?tag=eloabder-20&linkCode=osi&th=1&psc=1"><img src="https://m.media-amazon.com/images/I/51OsStyntzL._SL500_.jpg" alt="Product Image"></a><p>Sharpie Clear View Highlighter Sticks, Chisel Tip, Assorted Fluorescent, 8 Count - School, Home, and Office Use, Teacher Supplies</p><p> -23% 0FF </p><p>$13.86</p><a href="https://www.amazon.com/dp/B019QROV9S?tag=eloabder-20&linkCode=osi&th=1&psc=1">View Product</a></div>
<div class="product"><a href="https://www.amazon.com/dp/B082PN4X5J?tag=eloabder-20&linkCode=osi&th=1&psc=1"><img src="https://m.media-amazon.com/images/I/51o+eA8g6nL._SL500_.jpg" alt="Product Image"></a><p>Sharpie S-Gel Gel Pens, Black Barrel, Medium Point (0.7mm), Black Gel Ink Pens, 12 Count - Home, Office, School, Journaling, Writing, Note-Taking, Teacher Supplies</p><p> -14% 0FF </p><p>$11.97</p><a href="https://www.amazon.com/dp/B082PN4X5J?tag=eloabder-20&linkCode=osi&th=1&psc=1">View Product</a></div><div class="product"><a href="https://www.amazon.com/dp/B0C9W8DD9S?tag=eloabder-20&linkCode=osi&th=1&psc=1"><img src="https://m.media-amazon.com/images/I/41mdSvEwNZL._SL500_.jpg" alt="Product Image"></a><p>Ddaowanx Gel Pens, 6 Pcs 0.5mm Quick Dry Black Ink Pens Fine Point Smooth Writing Pens, Cute Office School Supplies Gifts for Women</p><p> -10% 0FF </p><p>$8.99</p><a href="https://www.amazon.com/dp/B0C9W8DD9S?tag=eloabder-20&linkCode=osi&th=1&psc=1">View Product</a></div><div class="product"><a href="https://www.amazon.com/dp/B019QBOG3U?tag=eloabder-20&linkCode=osi&th=1&psc=1"><img src="https://m.media-amazon.com/images/I/416PjSebDoL._SL500_.jpg" alt="Product Image"></a><p>Paper Mate Colorful Gel Pens - InkJoy Gel Pens Assorted Medium Point (0.7). Perfect for Vibrant Colored Writing and Sketching with Paper Mate InkJoy 14 Count</p><p> -18% 0FF </p><p>$10.31</p><a href="https://www.amazon.com/dp/B019QBOG3U?tag=eloabder-20&linkCode=osi&th=1&psc=1">View Product</a></div><div class="product"><a href="https://www.amazon.com/dp/B0C73JDN4S?tag=eloabder-20&linkCode=osi&th=1&psc=1"><img src="https://m.media-amazon.com/images/I/51DJUUxL7HL._SL500_.jpg" alt="Product Image"></a><p>Linbsunne Ballpoint Pens Black Medium Point 1mm Pen with Super Soft Grip Ball Point Pen for Men Women Retractable Pens (gold-12 pcs)</p><p> -10% 0FF </p><p>$8.99</p><a href="https://www.amazon.com/dp/B0C73JDN4S?tag=eloabder-20&linkCode=osi&th=1&psc=1">View Product</a></div><div class="product"><a href="https://www.amazon.com/dp/B001OTA66O?tag=eloabder-20&linkCode=osi&th=1&psc=1"><img src="https://m.media-amazon.com/images/I/41yS5tBZQLL._SL500_.jpg" alt="Product Image"></a><p>BIC Glide Black Retractable Ballpoint Pens, Medium Point (1.0mm), 4-Count Pack, Ultra Smooth Writing Black Pens</p><p> -40% 0FF </p><p>$2.99</p><a href="https://www.amazon.com/dp/B001OTA66O?tag=eloabder-20&linkCode=osi&th=1&psc=1">View Product</a></div>
<div class="product"><a href="https://www.amazon.com/dp/B002HVXXCW?tag=eloabder-20&linkCode=osi&th=1&psc=1"><img src="https://m.media-amazon.com/images/I/41JeEedXCeL._SL500_.jpg" alt="Product Image"></a><p>Ticonderoga Wood-Cased Pencils, Pre-Sharpened, 2 HB Soft, Yellow, 10 Count</p><p> -58% 0FF </p><p>$2.49</p><a href="https://www.amazon.com/dp/B002HVXXCW?tag=eloabder-20&linkCode=osi&th=1&psc=1">View Product</a></div><div class="product"><a href="https://www.amazon.com/dp/B077Q4B6YN?tag=eloabder-20&linkCode=osi&th=1&psc=1"><img src="https://m.media-amazon.com/images/I/4160YcHGDNL._SL500_.jpg" alt="Product Image"></a><p>Paper Mate 2017483 Mechanical Pencils for Handwriting, Triangular, 5/PK, AST</p><p> -45% 0FF </p><p>$3.47</p><a href="https://www.amazon.com/dp/B077Q4B6YN?tag=eloabder-20&linkCode=osi&th=1&psc=1">View Product</a></div>
<div class="product"><a href="https://www.amazon.com/dp/B0D7YTZNRF?tag=eloabder-20&linkCode=osi&th=1&psc=1"><img src="https://m.media-amazon.com/images/I/41hSbSlNAmL._SL500_.jpg" alt="Product Image"></a><p>YASNAY Alcohol Markers, 48 Colors Dual Tip Art Marker, Drawing Markers, Coloring Marker for Kids Sketching Adult Coloring</p><p> -27% 0FF </p><p>$10.99</p><a href="https://www.amazon.com/dp/B0D7YTZNRF?tag=eloabder-20&linkCode=osi&th=1&psc=1">View Product</a></div><div class="product"><a href="https://www.amazon.com/dp/B07CJ8QXF8?tag=eloabder-20&linkCode=osi&th=1&psc=1"><img src="https://m.media-amazon.com/images/I/51bChi4-H4L._SL500_.jpg" alt="Product Image"></a><p>Dual Markers Brush Pens, 36 Fine Point Art Marker, Double Tip Colored Pen for Adult Coloring Hand Lettering, School Classroom Art Suppliers</p><p> -20% 0FF </p><p>$7.98</p><a href="https://www.amazon.com/dp/B07CJ8QXF8?tag=eloabder-20&linkCode=osi&th=1&psc=1">View Product</a></div><div class="product"><a href="https://www.amazon.com/dp/B071CP6X88?tag=eloabder-20&linkCode=osi&th=1&psc=1"><img src="https://m.media-amazon.com/images/I/41sNeEYkTNL._SL500_.jpg" alt="Product Image"></a><p>Crayola Super Tips Marker Set for Kids (100ct), Broad Tip & Fine Point Washable Art Markers for Kids, Bulk School Supplies, Teacher Classroom Must Haves, Drawing Supplies</p><p> -19% 0FF </p><p>$16.29</p><a href="https://www.amazon.com/dp/B071CP6X88?tag=eloabder-20&linkCode=osi&th=1&psc=1">View Product</a></div><div class="product"><a href="https://www.amazon.com/dp/B08MBFPFCQ?tag=eloabder-20&linkCode=osi&th=1&psc=1"><img src="https://m.media-amazon.com/images/I/51DaGL7Z4oL._SL500_.jpg" alt="Product Image"></a><p>Sharpie Permanent Markers Variety Pack, Includes Chisel, Fine, and Ultra-Fine Tips, Marker Set, Writing, Coloring, Poster, Office, School Supplies, Black, 6 Count</p><p> -19% 0FF </p><p>$4.63 ($0.77 / Count)</p><a href="https://www.amazon.com/dp/B08MBFPFCQ?tag=eloabder-20&linkCode=osi&th=1&psc=1">View Product</a></div>
<div class="product"><a href="https://www.amazon.com/dp/B09Y2KJ2KX?tag=eloabder-20&linkCode=osi&th=1&psc=1"><img src="https://m.media-amazon.com/images/I/41EhQr7suML._SL500_.jpg" alt="Product Image"></a><p>Sharpie Pocket Highlighters, Mild Pastel Colors, Assorted, Chisel Tip, 12 Count - School, Home, and Office Use, Teacher Supplies</p><p> -22% 0FF </p><p>$7.76 ($0.65 / Count)</p><a href="https://www.amazon.com/dp/B09Y2KJ2KX?tag=eloabder-20&linkCode=osi&th=1&psc=1">View Product</a></div><div class="product"><a href="https://www.amazon.com/dp/B08698MJWT?tag=eloabder-20&linkCode=osi&th=1&psc=1"><img src="https://m.media-amazon.com/images/I/512N7aYt5oL._SL500_.jpg" alt="Product Image"></a><p>Sharpie S-Note Creative Markers, Pastel Highlighters, Art Marker Set, Assorted Colors, Chisel Tip, 24 Count - School, Home, and Office Use, Teacher Supplies</p><p> -60% 0FF </p><p>$8.83</p><a href="https://www.amazon.com/dp/B08698MJWT?tag=eloabder-20&linkCode=osi&th=1&psc=1">View Product</a></div>
<div class="product"><a href="https://www.amazon.com/dp/B097DPQPYN?tag=eloabder-20&linkCode=osi&th=1&psc=1"><img src="https://m.media-amazon.com/images/I/51nFyQPtfkL._SL500_.jpg" alt="Product Image"></a><p>Sonuimy Pencil Sharpeners, 4 Pcs Pencil Sharpeners Manual,Dual Holes Compact Colored Handheld Pencil Sharpener for Kids with Lid Adults Students School Class Home Office (Covered)</p><p> -13% 0FF </p><p>$4.49</p><a href="https://www.amazon.com/dp/B097DPQPYN?tag=eloabder-20&linkCode=osi&th=1&psc=1">View Product</a></div><div class="product"><a href="https://www.amazon.com/dp/B000MFN1G8?tag=eloabder-20&linkCode=osi&th=1&psc=1"><img src="https://m.media-amazon.com/images/I/41JPflroUEL._SL500_.jpg" alt="Product Image"></a><p>Compact Desktop Electric Pencil Sharpener, Black, Sold as 1 Each</p><p> -21% 0FF </p><p>$15.89</p><a href="https://www.amazon.com/dp/B000MFN1G8?tag=eloabder-20&linkCode=osi&th=1&psc=1">View Product</a></div><div class="product"><a href="https://www.amazon.com/dp/B00125KXGI?tag=eloabder-20&linkCode=osi&th=1&psc=1"><img src="https://m.media-amazon.com/images/I/51avY0bZv6L._SL500_.jpg" alt="Product Image"></a><p>Bostitch Office Personal Electric Pencil Sharpener, Powerful Stall-Free Motor, High Capacity Shavings Tray, Blue</p><p> -13% 0FF </p><p>$17.48</p><a href="https://www.amazon.com/dp/B00125KXGI?tag=eloabder-20&linkCode=osi&th=1&psc=1">View Product</a></div><div class="product"><a href="https://www.amazon.com/dp/B078DZY9Z5?tag=eloabder-20&linkCode=osi&th=1&psc=1"><img src="https://m.media-amazon.com/images/I/41KbUFGrXfL._SL500_.jpg" alt="Product Image"></a><p>JARLINK Electric Pencil Sharpener, Heavy-Duty Helical Blade to Fast Sharpen, Auto Stop for No.2/Colored Pencils(6-8mm), AC Adapter/Battery Operated in School Classroom/Office/Home (Black)</p><p> -21% 0FF </p><p>$16.98</p><a href="https://www.amazon.com/dp/B078DZY9Z5?tag=eloabder-20&linkCode=osi&th=1&psc=1">View Product</a></div><div class="product"><a href="https://www.amazon.com/dp/B08DLXH86D?tag=eloabder-20&linkCode=osi&th=1&psc=1"><img src="https://m.media-amazon.com/images/I/41UghsnBycL._SL500_.jpg" alt="Product Image"></a><p>Aogwat Pencil Sharpener Electric Pencil Sharpener for Kids, Blade to Fast Sharpen, Suitable for No.2/School/Classroom/Office/Home (Black)</p><p> -23% 0FF </p><p>$9.99</p><a href="https://www.amazon.com/dp/B08DLXH86D?tag=eloabder-20&linkCode=osi&th=1&psc=1">View Product</a></div><div class="product"><a href="https://www.amazon.com/dp/B000GP0VIU?tag=eloabder-20&linkCode=osi&th=1&psc=1"><img src="https://m.media-amazon.com/images/I/318OKKSwzbL._SL500_.jpg" alt="Product Image"></a><p>Bostitch Office Wall Mount Manual Pencil Sharpener, Tip Saver, 8 Hole Dial, 6X Longer Cutter Life, Vertical or Horizontal Mounting Black (MPS1-BLK)</p><p> -9% 0FF </p><p>$13.18</p><a href="https://www.amazon.com/dp/B000GP0VIU?tag=eloabder-20&linkCode=osi&th=1&psc=1">View Product</a></div>
<div class="product"><a href="https://www.amazon.com/dp/B00094H4LU?tag=eloabder-20&linkCode=osi&th=1&psc=1"><img src="https://m.media-amazon.com/images/I/41f-fbZYU1L._SL500_.jpg" alt="Product Image"></a><p>Paper Mate Erasers | Pink Pearl Large Erasers 12 Count</p><p> -55% 0FF </p><p>$6.03</p><a href="https://www.amazon.com/dp/B00094H4LU?tag=eloabder-20&linkCode=osi&th=1&psc=1">View Product</a></div><div class="product"><a href="https://www.amazon.com/dp/B07DPVVMWB?tag=eloabder-20&linkCode=osi&th=1&psc=1"><img src="https://m.media-amazon.com/images/I/51wLlsENgiL._SL500_.jpg" alt="Product Image"></a><p>Mr. Pen Erasers for Pencils, 120 Pack, Pencil Top Erasers, Eraser Caps, Cap Tops, Topper Erasers. Ereaser</p><p> -24% 0FF </p><p>$5.95</p><a href="https://www.amazon.com/dp/B07DPVVMWB?tag=eloabder-20&linkCode=osi&th=1&psc=1">View Product</a></div><div class="product"><a href="https://www.amazon.com/dp/B07144DC8V?tag=eloabder-20&linkCode=osi&th=1&psc=1"><img src="https://m.media-amazon.com/images/I/51Ed1+HW9cL._SL500_.jpg" alt="Product Image"></a><p>Pentel Hi-Polymer Block Eraser, White, 10/Box (ZEH10PC10)</p><p> -44% 0FF </p><p>$9.99</p><a href="https://www.amazon.com/dp/B07144DC8V?tag=eloabder-20&linkCode=osi&th=1&psc=1">View Product</a></div><div class="product"><a href="https://www.amazon.com/dp/B0047CT6SE?tag=eloabder-20&linkCode=osi&th=1&psc=1"><img src="https://m.media-amazon.com/images/I/41bhWXKeeiL._SL500_.jpg" alt="Product Image"></a><p>Pentel Clic Retractable Eraser with Grip, 3 Pack</p><p> -29% 0FF </p><p>$4.77</p><a href="https://www.amazon.com/dp/B0047CT6SE?tag=eloabder-20&linkCode=osi&th=1&psc=1">View Product</a></div>
<div class="product"><a href="https://www.amazon.com/dp/B09S9X3HV7?tag=eloabder-20&linkCode=osi&th=1&psc=1"><img src="https://m.media-amazon.com/images/I/51GgMyfl5VL._SL500_.jpg" alt="Product Image"></a><p>Color Transparent Ruler Plastic Rulers - Ruler 12 inch, Kids Ruler for School, Ruler with Centimeters, Millimeter and Inches, Assorted Colors, Clear Rulers, 7 Pack School Rulers</p><p> -16% 0FF </p><p>$5.99</p><a href="https://www.amazon.com/dp/B09S9X3HV7?tag=eloabder-20&linkCode=osi&th=1&psc=1">View Product</a></div><div class="product"><a href="https://www.amazon.com/dp/B06XK9VQM4?tag=eloabder-20&linkCode=osi&th=1&psc=1"><img src="https://m.media-amazon.com/images/I/51Glln3n-nL._SL500_.jpg" alt="Product Image"></a><p>Outus 12 Pack Wood Ruler Bulk for Students Wooden School Rulers Gifts Office Classroom Measuring, 2 Scale, 12 Inch and 30 cm</p><p> -6% 0FF </p><p>$7.99</p><a href="https://www.amazon.com/dp/B06XK9VQM4?tag=eloabder-20&linkCode=osi&th=1&psc=1">View Product</a></div><div class="product"><a href="https://www.amazon.com/dp/B0B5MLTG7J?tag=eloabder-20&linkCode=osi&th=1&psc=1"><img src="https://m.media-amazon.com/images/I/51z9LUxLKmL._SL500_.jpg" alt="Product Image"></a><p>DAGONGREN 30 Pack Clear Plastic Rulers 12 Inch,Transparent Assorted Color Metric Bulk Rulers with Inches and Centimeters,Kids Ruler for School,Home,Office</p><p> -9% 0FF </p><p>$9.99</p><a href="https://www.amazon.com/dp/B0B5MLTG7J?tag=eloabder-20&linkCode=osi&th=1&psc=1">View Product</a></div><div class="product"><a href="https://www.amazon.com/dp/B096MPPF53?tag=eloabder-20&linkCode=osi&th=1&psc=1"><img src="https://m.media-amazon.com/images/I/51qUpElDRcS._SL500_.jpg" alt="Product Image"></a><p>Tenare 1 Set Plastic Clear Math Set Includes Protractor Triangle Rulers 12 Inch 6 Inch Straight Geometry Math Transparent Ruler Measuring Tool for School Office Home Supplies(Clear)</p><p> -25% 0FF </p><p>$5.98</p><a href="https://www.amazon.com/dp/B096MPPF53?tag=eloabder-20&linkCode=osi&th=1&psc=1">View Product</a></div>
<div class="product"><a href="https://www.amazon.com/dp/B07YDDX4JL?tag=eloabder-20&linkCode=osi&th=1&psc=1"><img src="https://m.media-amazon.com/images/I/41oBPZwCRLL._SL500_.jpg" alt="Product Image"></a><p>3-Pack 8" Heavy Duty Scissors with Ultra Sharp Blades and Comfort Grip Handles - For Office, Home, School, Sewing, and Crafts</p><p> -15% 0FF </p><p>$8.49 ($2.83 / Count)</p><a href="https://www.amazon.com/dp/B07YDDX4JL?tag=eloabder-20&linkCode=osi&th=1&psc=1">View Product</a></div><div class="product"><a href="https://www.amazon.com/dp/B01BRGU8R0?tag=eloabder-20&linkCode=osi&th=1&psc=1"><img src="https://m.media-amazon.com/images/I/41ANVra+eNL._SL500_.jpg" alt="Product Image"></a><p>Amazon Basics Stainless Steel Scissors for Office, Crafts, Multipurpose, Sharp, Comfort Grip, PVD Coated, 3 Pack, Multicolor</p><p> -45% 0FF </p><p>$7.55</p><a href="https://www.amazon.com/dp/B01BRGU8R0?tag=eloabder-20&linkCode=osi&th=1&psc=1">View Product</a></div><div class="product"><a href="https://www.amazon.com/dp/B000P0LNRE?tag=eloabder-20&linkCode=osi&th=1&psc=1"><img src="https://m.media-amazon.com/images/I/41fWgMTO0JL._SL500_.jpg" alt="Product Image"></a><p>Westcott 8-Inch Titanium-Bonded Scissors with Adjustable Glide Feature for Office and Home - Gray/Yellow, 2-Pack</p><p> -33% 0FF </p><p>$9.97</p><a href="https://www.amazon.com/dp/B000P0LNRE?tag=eloabder-20&linkCode=osi&th=1&psc=1">View Product</a></div>
<div class="product"><a href="https://www.amazon.com/dp/B074ZRZ4CZ?tag=eloabder-20&linkCode=osi&th=1&psc=1"><img src="https://m.media-amazon.com/images/I/41bu+HKxC2L._SL500_.jpg" alt="Product Image"></a><p>Swingline Commercial Stapler, 20 Sheet Capacity, Jam Free, Metal, 2 Pack, Black (44401AZ)</p><p> -5% 0FF </p><p>$18.98</p><a href="https://www.amazon.com/dp/B074ZRZ4CZ?tag=eloabder-20&linkCode=osi&th=1&psc=1">View Product</a></div><div class="product"><a href="https://www.amazon.com/dp/B001PME62K?tag=eloabder-20&linkCode=osi&th=1&psc=1"><img src="https://m.media-amazon.com/images/I/41gbaJu-3iL._SL500_.jpg" alt="Product Image"></a><p>Swingline Stapler, 40 Sheet Capacity, Optima 40, Jam Free, Reduced Effort, Soft Grip, Metal, Orange and Gray (87845)</p><p> -14% 0FF </p><p>$24.19</p><a href="https://www.amazon.com/dp/B001PME62K?tag=eloabder-20&linkCode=osi&th=1&psc=1">View Product</a></div><div class="product"><a href="https://www.amazon.com/dp/B0D2JBKYM1?tag=eloabder-20&linkCode=osi&th=1&psc=1"><img src="https://m.media-amazon.com/images/I/41zFTU9QpfL._SL500_.jpg" alt="Product Image"></a><p>Bostitch Office Stapler, No-Jam Premium for Desktop, Includes 1,250 Staples, Full-Strip, 25 Sheet Capacity, Black</p><p> -26% 0FF </p><p>$6.99</p><a href="https://www.amazon.com/dp/B0D2JBKYM1?tag=eloabder-20&linkCode=osi&th=1&psc=1">View Product</a></div><div class="product"><a href="https://www.amazon.com/dp/B0CC5GJKM1?tag=eloabder-20&linkCode=osi&th=1&psc=1"><img src="https://m.media-amazon.com/images/I/41JDDoSZQiL._SL500_.jpg" alt="Product Image"></a><p>Metal Stapler Heavy Duty 50 Sheet Capacity with 1750 Staples and Staple Remover, Full Strip Staplers for Desk, No Jam, Non-Slip for Office & Classroom, Black</p><p> -33% 0FF </p><p>$13.29</p><a href="https://www.amazon.com/dp/B0CC5GJKM1?tag=eloabder-20&linkCode=osi&th=1&psc=1">View Product</a></div><div class="product"><a href="https://www.amazon.com/dp/B0006HUQZ6?tag=eloabder-20&linkCode=osi&th=1&psc=1"><img src="https://m.media-amazon.com/images/I/31e-T-f1TGL._SL500_.jpg" alt="Product Image"></a><p>Swingline Stapler, 30 Sheet Capacity, 747 Business Stapler, Jam Free, Metal, Rio Red (74736)</p><p> -23% 0FF </p><p>$15.30</p><a href="https://www.amazon.com/dp/B0006HUQZ6?tag=eloabder-20&linkCode=osi&th=1&psc=1">View Product</a></div>
<div class="product"><a href="https://www.amazon.com/dp/B00J8PJJF0?tag=eloabder-20&linkCode=osi&th=1&psc=1"><img src="https://m.media-amazon.com/images/I/418dc+5ZGkL._SL500_.jpg" alt="Product Image"></a><p>Bostitch Office Premium Standard Staples, 1/4" Full Strip, Box of 5,000 Staples</p><p> -27% 0FF </p><p>$4.39</p><a href="https://www.amazon.com/dp/B00J8PJJF0?tag=eloabder-20&linkCode=osi&th=1&psc=1">View Product</a></div><div class="product"><a href="https://www.amazon.com/dp/B079VYR12V?tag=eloabder-20&linkCode=osi&th=1&psc=1"><img src="https://m.media-amazon.com/images/I/51xAt88vqrL._SL500_.jpg" alt="Product Image"></a><p>Officemate Standard Staples, 10 Boxes General Purpose Staple (91950)</p><p> -10% 0FF </p><p>$14.37</p><a href="https://www.amazon.com/dp/B079VYR12V?tag=eloabder-20&linkCode=osi&th=1&psc=1">View Product</a></div><div class="product"><a href="https://www.amazon.com/dp/B00006IFMQ?tag=eloabder-20&linkCode=osi&th=1&psc=1"><img src="https://m.media-amazon.com/images/I/51UsWZuFq8L._SL500_.jpg" alt="Product Image"></a><p>Bostitch Office B8 PowerCrown 0.25 Inch Staples, Pack of 5,000 Staples (STCRP21151/4), Silver</p><p> -30% 0FF </p><p>$2.33</p><a href="https://www.amazon.com/dp/B00006IFMQ?tag=eloabder-20&linkCode=osi&th=1&psc=1">View Product</a></div>
<div class="product"><a href="https://www.amazon.com/dp/B000J07BRQ?tag=eloabder-20&linkCode=osi&th=1&psc=1"><img src="https://m.media-amazon.com/images/I/51QpJKjajbL._SL500_.jpg" alt="Product Image"></a><p>Scotch Heavy Duty Shipping Packing Tape, Clear, Packing Tape for Moving Boxes and Packaging Supplies, 1.88 in. x 22.2 yd., 6 Roll Dispensers, Moving Supplies</p><p> -35% 0FF </p><p>$12.99</p><a href="https://www.amazon.com/dp/B000J07BRQ?tag=eloabder-20&linkCode=osi&th=1&psc=1">View Product</a></div><div class="product"><a href="https://www.amazon.com/dp/B0000DH8HQ?tag=eloabder-20&linkCode=osi&th=1&psc=1"><img src="https://m.media-amazon.com/images/I/414lAY+087L._SL500_.jpg" alt="Product Image"></a><p>Scotch Magic Tape, Invisible Transparent Tape, 6 Tape Rolls with Dispensers, 3/4 in x 650 in</p><p> -23% 0FF </p><p>$12.34</p><a href="https://www.amazon.com/dp/B0000DH8HQ?tag=eloabder-20&linkCode=osi&th=1&psc=1">View Product</a></div><div class="product"><a href="https://www.amazon.com/dp/B0DQHV6X92?tag=eloabder-20&linkCode=osi&th=1&psc=1"><img src="https://m.media-amazon.com/images/I/51ViCFlgldL._SL500_.jpg" alt="Product Image"></a><p>BeataTap Tape, Invisible Tape, 6 Rolls + 6 Refillable Dispensers, Matte Finish, Writable, 3/4″ x 650″, Transparent Tape, Clear Tape for Gift Wrapping Paper, School Supplies</p><p> -15% 0FF </p><p>$5.94 ($0.99 / Count)</p><a href="https://www.amazon.com/dp/B0DQHV6X92?tag=eloabder-20&linkCode=osi&th=1&psc=1">View Product</a></div><div class="product"><a href="https://www.amazon.com/dp/B07CB6LN5S?tag=eloabder-20&linkCode=osi&th=1&psc=1"><img src="https://m.media-amazon.com/images/I/41NNyeISnjL._SL500_.jpg" alt="Product Image"></a><p>Scotch Super-Hold Tape, 2 Rolls, Transparent Finish, 50% More Adhesive, Trusted Favorite, 3/4 x 600 Inches, Dispensered (198DM-2)</p><p> -30% 0FF </p><p>$5.97</p><a href="https://www.amazon.com/dp/B07CB6LN5S?tag=eloabder-20&linkCode=osi&th=1&psc=1">View Product</a></div><div class="product"><a href="https://www.amazon.com/dp/B00464740A?tag=eloabder-20&linkCode=osi&th=1&psc=1"><img src="https://m.media-amazon.com/images/I/51ZPFoiGfuL._SL500_.jpg" alt="Product Image"></a><p>Scotch Sure Start Shipping Packaging Tape, 1.88" x 22.2 yd, Designed for Packing, Shipping and Mailing, Quiet Unwind, No Splitting or Tearing, 1.5" Core, Clear, 6 Dispensered Rolls (145-6)</p><p> -28% 0FF </p><p>$13.48</p><a href="https://www.amazon.com/dp/B00464740A?tag=eloabder-20&linkCode=osi&th=1&psc=1">View Product</a></div><div class="product"><a href="https://www.amazon.com/dp/B09C6LLG9P?tag=eloabder-20&linkCode=osi&th=1&psc=1"><img src="https://m.media-amazon.com/images/I/41rbv66ZNBL._SL500_.jpg" alt="Product Image"></a><p>Scotch Box Lock Packaging Tape, 1 Roll with Dispenser, 1.88 in x 1000 in, Extreme Grip, Sticks Instantly to Any Box (195L)</p><p> -31% 0FF </p><p>$4.12</p><a href="https://www.amazon.com/dp/B09C6LLG9P?tag=eloabder-20&linkCode=osi&th=1&psc=1">View Product</a></div>

<div class="product"><a href="https://www.amazon.com/dp/B0033J6V3A?tag=eloabder-20&linkCode=osi&th=1&psc=1"><img src="https://m.media-amazon.com/images/I/21o5ASbichL._SL500_.jpg" alt="Product Image"></a><p>NuSparc 2 Drawer Locking Filing Cabinet | Pre-Assembled Steel Construction | Space-Saving Design is Perfect for Home and Small Office | Letter-Size | Assembled in North America</p><p> -14% 0FF </p><p>$76.99</p><a href="https://www.amazon.com/dp/B0033J6V3A?tag=eloabder-20&linkCode=osi&th=1&psc=1">View Product</a></div><div class="product"><a href="https://www.amazon.com/dp/B0D9XYD75W?tag=eloabder-20&linkCode=osi&th=1&psc=1"><img src="https://m.media-amazon.com/images/I/31VM3xK++PL._SL500_.jpg" alt="Product Image"></a><p>BYNSOE 2 Drawer File Cabinet with Lock Vertical Filing Storage Cabinet Office Home Steel Vertical File Cabinets for Letter Size File Cabinet Locked,Assembly Required</p><p> -8% 0FF </p><p>$54.99</p><a href="https://www.amazon.com/dp/B0D9XYD75W?tag=eloabder-20&linkCode=osi&th=1&psc=1">View Product</a></div><div class="product"><a href="https://www.amazon.com/dp/B0989HLF81?tag=eloabder-20&linkCode=osi&th=1&psc=1"><img src="https://m.media-amazon.com/images/I/51vzgnkbcjL._SL500_.jpg" alt="Product Image"></a><p>DEVAISE 3 Drawer Mobile File Cabinet, Wood Lateral Filing Cabinet, Printer Stand with Open Shelves for Home Office, Rustic Brown</p><p> -21% 0FF </p><p>$74.99</p><a href="https://www.amazon.com/dp/B0989HLF81?tag=eloabder-20&linkCode=osi&th=1&psc=1">View Product</a></div>
<div class="product"><a href="https://www.amazon.com/dp/B00006RSQD?tag=eloabder-20&linkCode=osi&th=1&psc=1"><img src="https://m.media-amazon.com/images/I/315rez3KpeL._SL500_.jpg" alt="Product Image"></a><p>Bush Business Furniture Series C 36W Tall 5 Shelf Bookcase in Hansen Cherry, Large Storage and Display Bookshelf for Home or Professional Office</p><p> -8% 0FF </p><p>$239.49</p><a href="https://www.amazon.com/dp/B00006RSQD?tag=eloabder-20&linkCode=osi&th=1&psc=1">View Product</a></div>
<div class="product"><a href="https://www.amazon.com/dp/B09F6JPYSY?tag=eloabder-20&linkCode=osi&th=1&psc=1"><img src="https://m.media-amazon.com/images/I/51fGLH7lhHL._SL500_.jpg" alt="Product Image"></a><p>SPACELEAD Slim Storage Cart 3 Tier,Bathroom Organizer Rolling Utility,Mobile Shelving Unit Slide Out for Office, Kitchen, Laundry Room & Narrow Places,Black</p><p> -30% 0FF </p><p>$20.99</p><a href="https://www.amazon.com/dp/B09F6JPYSY?tag=eloabder-20&linkCode=osi&th=1&psc=1">View Product</a></div><div class="product"><a href="https://www.amazon.com/dp/B08KFTVGQY?tag=eloabder-20&linkCode=osi&th=1&psc=1"><img src="https://m.media-amazon.com/images/I/51BjUEmGaiL._SL500_.jpg" alt="Product Image"></a><p>SONGMICS Cube Storage Organizer, Set of 16 Plastic Cubes, Closet Organizers and Storage, Room Organization, Bedroom Living Room, 12.2 x 48.4 x 48.4 Inches, Rustic Brown ULPC442A01</p><p> -15% 0FF </p><p>$46.99</p><a href="https://www.amazon.com/dp/B08KFTVGQY?tag=eloabder-20&linkCode=osi&th=1&psc=1">View Product</a></div><div class="product"><a href="https://www.amazon.com/dp/B0DG359YX5?tag=eloabder-20&linkCode=osi&th=1&psc=1"><img src="https://m.media-amazon.com/images/I/41OBXL4HJdL._SL500_.jpg" alt="Product Image"></a><p>VIVO Clamp-on 13 inch Above or Below Desk 2-Tier Shelving Unit for Table Accessories, Gaming Devices, and More, Storage Tray, Desktop Organizer, Rustic Vintage Brown, STAND-SHELF2C-N</p><p> -20% 0FF </p><p>$39.99</p><a href="https://www.amazon.com/dp/B0DG359YX5?tag=eloabder-20&linkCode=osi&th=1&psc=1">View Product</a></div><div class="product"><a href="https://www.amazon.com/dp/B0D7S5GGP6?tag=eloabder-20&linkCode=osi&th=1&psc=1"><img src="https://m.media-amazon.com/images/I/51EriWG2BLL._SL500_.jpg" alt="Product Image"></a><p>C&AHOME Wire Cube Storage, 9 - Cube Organizer Metal C Grids, Modular Shelves Units, Closet Organizer, Ideal for Home, Office, Living Room, 36.6”L x 12.4”W x 48.4”H, Silver Gray UWCS3009G</p><p> -33% 0FF </p><p>$28.87</p><a href="https://www.amazon.com/dp/B0D7S5GGP6?tag=eloabder-20&linkCode=osi&th=1&psc=1">View Product</a></div>
<div class="product"><a href="https://www.amazon.com/dp/B0B1M6ML2J?tag=eloabder-20&linkCode=osi&th=1&psc=1"><img src="https://m.media-amazon.com/images/I/51pX2Qo38JL._SL500_.jpg" alt="Product Image"></a><p>WOWBOX 25 PCS Clear Plastic Drawer Organizer Set, 4 Sizes Desk Drawer Divider Organizers and Storage Bins for Makeup, Jewelry, Gadgets for Kitchen, Bedroom, Bathroom, Office</p><p> -35% 0FF </p><p>$16.13 ($0.65 / Count)</p><a href="https://www.amazon.com/dp/B0B1M6ML2J?tag=eloabder-20&linkCode=osi&th=1&psc=1">View Product</a></div><div class="product"><a href="https://www.amazon.com/dp/B0DB8F7GDN?tag=eloabder-20&linkCode=osi&th=1&psc=1"><img src="https://m.media-amazon.com/images/I/51iOtKHzvCL._SL500_.jpg" alt="Product Image"></a><p>OPNICE Desk Organizer and Accessories, 2-Tier Computer Monitor Stand Riser with Drawer and 2 Pen Holders, Laptop Stand, Office Desk Accessories for Office Supplies, Black</p><p> -27% 0FF </p><p>$21.99</p><a href="https://www.amazon.com/dp/B0DB8F7GDN?tag=eloabder-20&linkCode=osi&th=1&psc=1">View Product</a></div><div class="product"><a href="https://www.amazon.com/dp/B0FQ86P4M3?tag=eloabder-20&linkCode=osi&th=1&psc=1"><img src="https://m.media-amazon.com/images/I/41ZDdyGnPxL._SL500_.jpg" alt="Product Image"></a><p>Mind Reader 2-Tier Desk Organizer with Clamp, Accessory Shelf for Office or Gaming, Office, Metal, White</p><p> -5% 0FF </p><p>$37.99</p><a href="https://www.amazon.com/dp/B0FQ86P4M3?tag=eloabder-20&linkCode=osi&th=1&psc=1">View Product</a></div><div class="product"><a href="https://www.amazon.com/dp/B0BYDGF8DT?tag=eloabder-20&linkCode=osi&th=1&psc=1"><img src="https://m.media-amazon.com/images/I/51sE2GzgVNL._SL500_.jpg" alt="Product Image"></a><p>OPNICE Desk Organizer and Accessories, 4-Tier Desktop File Organizer with Drawer and 2 Pen Holders, Office Desk Accessories, Workspace Organizers for Office Supplies(Black)</p><p> -33% 0FF </p><p>$19.99</p><a href="https://www.amazon.com/dp/B0BYDGF8DT?tag=eloabder-20&linkCode=osi&th=1&psc=1">View Product</a></div><div class="product"><a href="https://www.amazon.com/dp/B0DJKSMV2T?tag=eloabder-20&linkCode=osi&th=1&psc=1"><img src="https://m.media-amazon.com/images/I/41gO3CCIg1L._SL500_.jpg" alt="Product Image"></a><p>gianotter Dual Monitor Stand Riser, Desk Organizer With Drawer and 2 Pen Holders, Computer Monitor Stand, Shelf for Top of Desk, Black</p><p> -28% 0FF </p><p>$25.99</p><a href="https://www.amazon.com/dp/B0DJKSMV2T?tag=eloabder-20&linkCode=osi&th=1&psc=1">View Product</a></div><div class="product"><a href="https://www.amazon.com/dp/B0BWTT3WK1?tag=eloabder-20&linkCode=osi&th=1&psc=1"><img src="https://m.media-amazon.com/images/I/51JTe2SjicL._SL500_.jpg" alt="Product Image"></a><p>gianotter Desk Organizers and Accessories with File Holder, 4-Tier Desk Accessories & Workspace Organizers with Drawer and 2 Pen Holder, Paper Organizer for Office Supplies (Rose Gold)</p><p> -27% 0FF </p><p>$23.99</p><a href="https://www.amazon.com/dp/B0BWTT3WK1?tag=eloabder-20&linkCode=osi&th=1&psc=1">View Product</a></div><div class="product"><a href="https://www.amazon.com/dp/B09QKDY1YY?tag=eloabder-20&linkCode=osi&th=1&psc=1"><img src="https://m.media-amazon.com/images/I/519UVM73B6L._SL500_.jpg" alt="Product Image"></a><p>Supeasy 5 Trays Paper Organizer Letter Tray with Handle-Mesh Desk File Organizer, Paper Sorter Desk Organizer for Office, Home or School</p><p> -17% 0FF </p><p>$19.99</p><a href="https://www.amazon.com/dp/B09QKDY1YY?tag=eloabder-20&linkCode=osi&th=1&psc=1">View Product</a></div><div class="product"><a href="https://www.amazon.com/dp/B08PBFKGJG?tag=eloabder-20&linkCode=osi&th=1&psc=1"><img src="https://m.media-amazon.com/images/I/61WfW0WLsqL._SL500_.jpg" alt="Product Image"></a><p>Marbrasse 6 Tier Paper Organizer Letter Tray - Mesh Desk File Organizer with Handle, Paper Sorter Organizer for Letter/A4 Office File Folder Holder - Black</p><p> -23% 0FF </p><p>$19.98</p><a href="https://www.amazon.com/dp/B08PBFKGJG?tag=eloabder-20&linkCode=osi&th=1&psc=1">View Product</a></div><div class="product"><a href="https://www.amazon.com/dp/B09K5927B5?tag=eloabder-20&linkCode=osi&th=1&psc=1"><img src="https://m.media-amazon.com/images/I/51u5tZ4jR6L._SL500_.jpg" alt="Product Image"></a><p>Marbrasse Desk Organizer with File Holder, 5-Tier Paper Letter Tray Organizer with Drawer and 2 Pen Holder, Mesh Desktop Organizer and Storage with Magazine Holder for Office Supplies(Black)</p><p> -24% 0FF </p><p>$33.99</p><a href="https://www.amazon.com/dp/B09K5927B5?tag=eloabder-20&linkCode=osi&th=1&psc=1">View Product</a></div>
<div class="product"><a href="https://www.amazon.com/dp/B0CNXF7SVS?tag=eloabder-20&linkCode=osi&th=1&psc=1"><img src="https://m.media-amazon.com/images/I/51a6EswyTZL._SL500_.jpg" alt="Product Image"></a><p>Manalete Drawer Organizers Set of 15, 4 Sizes Clear Plastic Drawer Organizers and Storage Bins for Kitchen, Bathroom, Office, Dresser Desk Drawer Organizer Tray for Jewelry, Makeup, Junk, Gadgets</p><p> -29% 0FF </p><p>$9.99</p><a href="https://www.amazon.com/dp/B0CNXF7SVS?tag=eloabder-20&linkCode=osi&th=1&psc=1">View Product</a></div><div class="product"><a href="https://www.amazon.com/dp/B0CCY5X6SS?tag=eloabder-20&linkCode=osi&th=1&psc=1"><img src="https://m.media-amazon.com/images/I/41Iye-vPXJL._SL500_.jpg" alt="Product Image"></a><p>Bamboo Drawer Organizer Set, 5 PCS Multi-Use Individual Wood Storage Organizers, Junk Drawer Divider and Storage Trays Containers for Kitchen, Bathroom, Office Desk, Makeup, Jewelry, Utensils</p><p> -20% 0FF </p><p>$19.99 ($4.00 / Count)</p><a href="https://www.amazon.com/dp/B0CCY5X6SS?tag=eloabder-20&linkCode=osi&th=1&psc=1">View Product</a></div><div class="product"><a href="https://www.amazon.com/dp/B0CCDJQ7MM?tag=eloabder-20&linkCode=osi&th=1&psc=1"><img src="https://m.media-amazon.com/images/I/51kU0WJxdsL._SL500_.jpg" alt="Product Image"></a><p>Marbrasse Expandable Desk Drawer Organizer, Mesh Drawer Organizer Tray with 10 Adjustable Compartments, Desk Organizers and Accessories, 5 Dividers Drawer for Office Supplies, Makeup & Vanity (Black)</p><p> -15% 0FF </p><p>$17.84</p><a href="https://www.amazon.com/dp/B0CCDJQ7MM?tag=eloabder-20&linkCode=osi&th=1&psc=1">View Product</a></div><div class="product"><a href="https://www.amazon.com/dp/B0DM27MBZN?tag=eloabder-20&linkCode=osi&th=1&psc=1"><img src="https://m.media-amazon.com/images/I/41hAfSMnrZL._SL500_.jpg" alt="Product Image"></a><p>ElegantArray 12 PCS Drawer Organizer Set, 4 Sizes Storage Drawer Units, Clear Plastic Makeup Vanity Organizer and Storage Bins for Makeup, Stationeries, Multiple Gadgets for Bathroom, Office, Bedroom</p><p> -31% 0FF </p><p>$8.99</p><a href="https://www.amazon.com/dp/B0DM27MBZN?tag=eloabder-20&linkCode=osi&th=1&psc=1">View Product</a></div>
<div class="product"><a href="https://www.amazon.com/dp/B0C4T42TPC?tag=eloabder-20&linkCode=osi&th=1&psc=1"><img src="https://m.media-amazon.com/images/I/318IsyAsPXL._SL500_.jpg" alt="Product Image"></a><p>Adjustable Mobile CPU Stand, Ventilated Computer Tower Stand with 4 Caster Wheels Fits Most PC Tower, Under Desk CPU Holder PC Floor Cart Computer Riser for Gamers and Students (Black)</p><p> -21% 0FF </p><p>$14.21</p><a href="https://www.amazon.com/dp/B0C4T42TPC?tag=eloabder-20&linkCode=osi&th=1&psc=1">View Product</a></div><div class="product"><a href="https://www.amazon.com/dp/B094QTGHNZ?tag=eloabder-20&linkCode=osi&th=1&psc=1"><img src="https://m.media-amazon.com/images/I/31VzBQ+jwWL._SL500_.jpg" alt="Product Image"></a><p>WALI Computer Monitor Stand for Desk, Adjustable Laptop Riser, Desk Monitor Stand Underneath Storage for Office, Home, School Supplies (STT003), 1 Pack, Black</p><p> -32% 0FF </p><p>$16.99</p><a href="https://www.amazon.com/dp/B094QTGHNZ?tag=eloabder-20&linkCode=osi&th=1&psc=1">View Product</a></div><div class="product"><a href="https://www.amazon.com/dp/B07H4DMLVH?tag=eloabder-20&linkCode=osi&th=1&psc=1"><img src="https://m.media-amazon.com/images/I/31eTfKhpSWL._SL500_.jpg" alt="Product Image"></a><p>HUANUO Monitor Stand, Monitor Stand Riser 3 Height Adjustable, Monitor Riser with Airflow Vents, Laptop Stand for Desk, Laptop Riser, Desk Organizer for Monitor, 15.6" Laptop, PC, Printer</p><p> -11% 0FF </p><p>$15.19</p><a href="https://www.amazon.com/dp/B07H4DMLVH?tag=eloabder-20&linkCode=osi&th=1&psc=1">View Product</a></div><div class="product"><a href="https://www.amazon.com/dp/B0D69W6H91?tag=eloabder-20&linkCode=osi&th=1&psc=1"><img src="https://m.media-amazon.com/images/I/51rQI+gi3lL._SL500_.jpg" alt="Product Image"></a><p>JANE EYRE Computer Tower Stand - Adjustable PC Tower Stand CPU Holder Cart with Charging Station for Office Home Classroom,23.03"-28.3" H, black</p><p> -10% 0FF </p><p>$53.99</p><a href="https://www.amazon.com/dp/B0D69W6H91?tag=eloabder-20&linkCode=osi&th=1&psc=1">View Product</a></div><div class="product"><a href="https://www.amazon.com/dp/B0C4T34L9Y?tag=eloabder-20&linkCode=osi&th=1&psc=1"><img src="https://m.media-amazon.com/images/I/51BNMGXNOEL._SL500_.jpg" alt="Product Image"></a><p>BONTEC Wooden Monitor Stand Riser, 2-Tier Desk Shelf with Storage Organizer, Ergonomic Computer Stand with Cable Management, Cellphone Holder, White, 16.5 Inch</p><p> -33% 0FF </p><p>$18.04</p><a href="https://www.amazon.com/dp/B0C4T34L9Y?tag=eloabder-20&linkCode=osi&th=1&psc=1">View Product</a></div><div class="product"><a href="https://www.amazon.com/dp/B08BRCT4JH?tag=eloabder-20&linkCode=osi&th=1&psc=1"><img src="https://m.media-amazon.com/images/I/41Ga6A+cXbL._SL500_.jpg" alt="Product Image"></a><p>BESIGN LS03 Aluminum Laptop Stand, Ergonomic Detachable Computer Stand, Notebook Riser Compatible with Air, Pro, Dell, HP, Lenovo More 10-15.6" Laptops, Silver</p><p> -25% 0FF </p><p>$14.98</p><a href="https://www.amazon.com/dp/B08BRCT4JH?tag=eloabder-20&linkCode=osi&th=1&psc=1">View Product</a></div>
<div class="product"><a href="https://www.amazon.com/dp/B07Q79ZZJ6?tag=eloabder-20&linkCode=osi&th=1&psc=1"><img src="https://m.media-amazon.com/images/I/31-LBzENQIL._SL500_.jpg" alt="Product Image"></a><p>Single LCD Computer Monitor Free-Standing Desk Stand Mount Riser for 13 inch to 32 inch screen with Swivel, Height Adjustable, Rotation, Vesa Base Stand Holds One (1) Screen up to 77Lbs(HT05B-001))</p><p> -34% 0FF </p><p>$21.99</p><a href="https://www.amazon.com/dp/B07Q79ZZJ6?tag=eloabder-20&linkCode=osi&th=1&psc=1">View Product</a></div><div class="product"><a href="https://www.amazon.com/dp/B082845XM8?tag=eloabder-20&linkCode=osi&th=1&psc=1"><img src="https://m.media-amazon.com/images/I/41uRH1B7HgL._SL500_.jpg" alt="Product Image"></a><p>Dual Monitor Stand - Vertical Stack Screen Free-Standing Monitor Riser Fits Two 13 to 34 Inch Screen with Swivel, Tilt, Height Adjustable, Holds One (1) Screen Up to 44Lbs</p><p> -5% 0FF </p><p>$31.56</p><a href="https://www.amazon.com/dp/B082845XM8?tag=eloabder-20&linkCode=osi&th=1&psc=1">View Product</a></div><div class="product"><a href="https://www.amazon.com/dp/B00X4SCCFG?tag=eloabder-20&linkCode=osi&th=1&psc=1"><img src="https://m.media-amazon.com/images/I/21X2klzUZGL._SL500_.jpg" alt="Product Image"></a><p>Amazon Basics Height Adjustable Rectangular Computer Monitor Riser Desk Stand with Storage for Reduced Neck Strain - Fits Monitors, Laptops Up to 22lbs, Black</p><p> -35% 0FF </p><p>$14.06</p><a href="https://www.amazon.com/dp/B00X4SCCFG?tag=eloabder-20&linkCode=osi&th=1&psc=1">View Product</a></div>
<div class="product"><a href="https://www.amazon.com/dp/B07HFDJCSL?tag=eloabder-20&linkCode=osi&th=1&psc=1"><img src="https://m.media-amazon.com/images/I/41DR7qY1naL._SL500_.jpg" alt="Product Image"></a><p>VIVO Large Keyboard Tray Under Desk Pull Out with Extra Sturdy C Clamp Mount System, 27 (33 Including Clamps) x 11 Inch Slide-Out Platform Computer Drawer for Typing, Black, MOUNT-KB05E</p><p> -17% 0FF </p><p>$49.99</p><a href="https://www.amazon.com/dp/B07HFDJCSL?tag=eloabder-20&linkCode=osi&th=1&psc=1">View Product</a></div><div class="product"><a href="https://www.amazon.com/dp/B082NKBM62?tag=eloabder-20&linkCode=osi&th=1&psc=1"><img src="https://m.media-amazon.com/images/I/41qQ3p9-mrL._SL500_.jpg" alt="Product Image"></a><p>HUANUO Keyboard Tray Under Desk, 360 Adjustable Ergonomic Sliding Keyboard & Mouse Tray, Under Desk Keyboard Tray Slide Out, Keyboard Holder Under Desk for Typing in Home, Office Work, 25"W x 9.84"D</p><p> -33% 0FF </p><p>$59.98</p><a href="https://www.amazon.com/dp/B082NKBM62?tag=eloabder-20&linkCode=osi&th=1&psc=1">View Product</a></div><div class="product"><a href="https://www.amazon.com/dp/B0F23GTKHL?tag=eloabder-20&linkCode=osi&th=1&psc=1"><img src="https://m.media-amazon.com/images/I/41dmHoeznDL._SL500_.jpg" alt="Product Image"></a><p>Zontera Ergonomic Mouse & Keyboard Tray Under Desk, Pull Out with Adjustable C-clamp, 20 (25.9 Including Clamps) x 11.8 Inch Slide Out Computer Keyboard Drawer Mouse Tray for Typing, Black</p><p> -7% 0FF </p><p>$25.99</p><a href="https://www.amazon.com/dp/B0F23GTKHL?tag=eloabder-20&linkCode=osi&th=1&psc=1">View Product</a></div><div class="product"><a href="https://www.amazon.com/dp/B01IIGMBVI?tag=eloabder-20&linkCode=osi&th=1&psc=1"><img src="https://m.media-amazon.com/images/I/21Vw8003F0L._SL500_.jpg" alt="Product Image"></a><p>Alera ALE Valencia Series Underdesk Keyboard/Mouse Shelf, 28w x 12d, Black</p><p> -50% 0FF </p><p>$29.22</p><a href="https://www.amazon.com/dp/B01IIGMBVI?tag=eloabder-20&linkCode=osi&th=1&psc=1">View Product</a></div>
<div class="product"><a href="https://www.amazon.com/dp/B07C3XZMC6?tag=eloabder-20&linkCode=osi&th=1&psc=1"><img src="https://m.media-amazon.com/images/I/31Eojf7glwL._SL500_.jpg" alt="Product Image"></a><p>JIKIOU 3 Pack Mouse Pad with Stitched Edge, Comfortable Mouse Pads with Non-Slip Rubber Base, Washable Mousepads Bulk with Comfortable Cloth, Mouse Pads for Computers Laptop Mouse 10.2x8.3inch Black</p><p> -29% 0FF </p><p>$7.99</p><a href="https://www.amazon.com/dp/B07C3XZMC6?tag=eloabder-20&linkCode=osi&th=1&psc=1">View Product</a></div><div class="product"><a href="https://www.amazon.com/dp/B085XRMSTT?tag=eloabder-20&linkCode=osi&th=1&psc=1"><img src="https://m.media-amazon.com/images/I/31aDSI0sFoL._SL500_.jpg" alt="Product Image"></a><p>EooCoo Ergonomic Mouse Pad with Wrist Support, Mousepad with Memory Foam Wrist Rest and Non-Slip Base for Computer, Cafe, Home & Office, 9.64 x 8.26 in Office Desk Accessories</p><p> -36% 0FF </p><p>$6.99</p><a href="https://www.amazon.com/dp/B085XRMSTT?tag=eloabder-20&linkCode=osi&th=1&psc=1">View Product</a></div>
<div class="product"><a href="https://www.amazon.com/dp/B0BRCJL4MM?tag=eloabder-20&linkCode=osi&th=1&psc=1"><img src="https://m.media-amazon.com/images/I/41sggzaNbPL._SL500_.jpg" alt="Product Image"></a><p>Led Desk Lamp for Office Home - Eye Caring Architect lamp with Clamp,Dual Screen Computer Monitor Gooseneck Smart Light: 24W 5 Color Flexible Adjustable Lighting Table Lamp for Study Drafting</p><p> -13% 0FF </p><p>$69.99</p><a href="https://www.amazon.com/dp/B0BRCJL4MM?tag=eloabder-20&linkCode=osi&th=1&psc=1">View Product</a></div><div class="product"><a href="https://www.amazon.com/dp/B0BNHNG5CY?tag=eloabder-20&linkCode=osi&th=1&psc=1"><img src="https://m.media-amazon.com/images/I/51ccmdZe2YL._SL500_.jpg" alt="Product Image"></a><p>Micomlan Led Desk Lamp with Clamp, Architect Desk Lamp for Home Office with Atmosphere Lighting, 24W Ultra Bright Auto Dimming Computer Light Stepless Dimming and Tempering LED Table Light</p><p> -27% 0FF </p><p>$49.99</p><a href="https://www.amazon.com/dp/B0BNHNG5CY?tag=eloabder-20&linkCode=osi&th=1&psc=1">View Product</a></div><div class="product"><a href="https://www.amazon.com/dp/B078W61H9P?tag=eloabder-20&linkCode=osi&th=1&psc=1"><img src="https://m.media-amazon.com/images/I/31aebwb3nqL._SL500_.jpg" alt="Product Image"></a><p>LEPOWER Metal Desk Lamp, Eye-Caring Table Lamp, Study Lamps with Flexible Goose Neck for Bedroom, Home Office (Matte Black)</p><p> -24% 0FF </p><p>$24.99</p><a href="https://www.amazon.com/dp/B078W61H9P?tag=eloabder-20&linkCode=osi&th=1&psc=1">View Product</a></div><div class="product"><a href="https://www.amazon.com/dp/B0D1DLY4H4?tag=eloabder-20&linkCode=osi&th=1&psc=1"><img src="https://m.media-amazon.com/images/I/41sKiuSIwRL._SL500_.jpg" alt="Product Image"></a><p>SKYLEO Led Desk Lamp - Desk Light for 31.5" Tall - 5 Color Modes X 11 Brightness Levels - Adjustable Swing Arm - Timmer & Memory Function - 12W Lamp for Desk - Black</p><p> -23% 0FF </p><p>$19.99</p><a href="https://www.amazon.com/dp/B0D1DLY4H4?tag=eloabder-20&linkCode=osi&th=1&psc=1">View Product</a></div><div class="product"><a href="https://www.amazon.com/dp/B0D2LGK82V?tag=eloabder-20&linkCode=osi&th=1&psc=1"><img src="https://m.media-amazon.com/images/I/41UpQ-qygDL._SL500_.jpg" alt="Product Image"></a><p>Addtam LED Desk Lamp, Power Strip with 3 Outlets 4 USB Charging Ports(2 USBC), 4 Modes 5 Level Brightness Touch Lamp, Small Desk Lamp for Home Office College Dorm Room Essentials</p><p> -23% 0FF </p><p>$16.99</p><a href="https://www.amazon.com/dp/B0D2LGK82V?tag=eloabder-20&linkCode=osi&th=1&psc=1">View Product</a></div><div class="product"><a href="https://www.amazon.com/dp/B08LMTQ7ZF?tag=eloabder-20&linkCode=osi&th=1&psc=1"><img src="https://m.media-amazon.com/images/I/21vKPX2KHML._SL500_.jpg" alt="Product Image"></a><p>Lepro LED Desk Lamp for Home Office, 9.5W 750LM Metal Touch Control Desk Light, 5 Color Modes 5 Brightness Level, Eye Caring Task Lamp For Reading, Sewing, Crafts, School Supplies, Puzzle Light, Black</p><p> -13% 0FF </p><p>$24.99</p><a href="https://www.amazon.com/dp/B08LMTQ7ZF?tag=eloabder-20&linkCode=osi&th=1&psc=1">View Product</a></div>
<div class="product"><a href="https://www.amazon.com/dp/B0D7BXNDP4?tag=eloabder-20&linkCode=osi&th=1&psc=1"><img src="https://m.media-amazon.com/images/I/41DuEunZ1+L._SL500_.jpg" alt="Product Image"></a><p>Monitor Fan with Clamp & Light Bar Desk Lamp with fan for Office mini Desk fan small quiet with lamp for PC Laptops Tablet for Home Office Portable Working Reading Stand Lamp</p><p> -5% 0FF </p><p>$15.19</p><a href="https://www.amazon.com/dp/B0D7BXNDP4?tag=eloabder-20&linkCode=osi&th=1&psc=1">View Product</a></div><div class="product"><a href="https://www.amazon.com/dp/B07K1D41DC?tag=eloabder-20&linkCode=osi&th=1&psc=1"><img src="https://m.media-amazon.com/images/I/310MAouNV-L._SL500_.jpg" alt="Product Image"></a><p>OttLite Cool Breeze LED Lamp with Bladeless Fan - 3 Speed Options & 5 Brightness Settings with Energy Efficient Natural Daylight LEDs - Desktop, Table or Nightstand Lamp for Studying or Reading</p><p> -14% 0FF </p><p>$89.98</p><a href="https://www.amazon.com/dp/B07K1D41DC?tag=eloabder-20&linkCode=osi&th=1&psc=1">View Product</a></div>
<div class="product"><a href="https://www.amazon.com/dp/B0CXSXL1F2?tag=eloabder-20&linkCode=osi&th=1&psc=1"><img src="https://m.media-amazon.com/images/I/41H6cndt7iL._SL500_.jpg" alt="Product Image"></a><p>9 Pack Lined Sticky Notes 4x6 in Post Sticky Notes with Lines, 9 Bright Colors Self Sticky Notes Pad Its, Large Ruled Sticky Note for Office, Home, 35 Sheets/Pad</p><p> -33% 0FF </p><p>$7.99</p><a href="https://www.amazon.com/dp/B0CXSXL1F2?tag=eloabder-20&linkCode=osi&th=1&psc=1">View Product</a></div><div class="product"><a href="https://www.amazon.com/dp/B019QROV9S?tag=eloabder-20&linkCode=osi&th=1&psc=1"><img src="https://m.media-amazon.com/images/I/51OsStyntzL._SL500_.jpg" alt="Product Image"></a><p>Sharpie Clear View Highlighter Sticks, Chisel Tip, Assorted Fluorescent, 8 Count - School, Home, and Office Use, Teacher Supplies</p><p> -23% 0FF </p><p>$13.86</p><a href="https://www.amazon.com/dp/B019QROV9S?tag=eloabder-20&linkCode=osi&th=1&psc=1">View Product</a></div>
<div class="product"><a href="https://www.amazon.com/dp/B082PN4X5J?tag=eloabder-20&linkCode=osi&th=1&psc=1"><img src="https://m.media-amazon.com/images/I/51o+eA8g6nL._SL500_.jpg" alt="Product Image"></a><p>Sharpie S-Gel Gel Pens, Black Barrel, Medium Point (0.7mm), Black Gel Ink Pens, 12 Count - Home, Office, School, Journaling, Writing, Note-Taking, Teacher Supplies</p><p> -14% 0FF </p><p>$11.97</p><a href="https://www.amazon.com/dp/B082PN4X5J?tag=eloabder-20&linkCode=osi&th=1&psc=1">View Product</a></div><div class="product"><a href="https://www.amazon.com/dp/B0C9W8DD9S?tag=eloabder-20&linkCode=osi&th=1&psc=1"><img src="https://m.media-amazon.com/images/I/41mdSvEwNZL._SL500_.jpg" alt="Product Image"></a><p>Ddaowanx Gel Pens, 6 Pcs 0.5mm Quick Dry Black Ink Pens Fine Point Smooth Writing Pens, Cute Office School Supplies Gifts for Women</p><p> -10% 0FF </p><p>$8.99</p><a href="https://www.amazon.com/dp/B0C9W8DD9S?tag=eloabder-20&linkCode=osi&th=1&psc=1">View Product</a></div><div class="product"><a href="https://www.amazon.com/dp/B019QBOG3U?tag=eloabder-20&linkCode=osi&th=1&psc=1"><img src="https://m.media-amazon.com/images/I/416PjSebDoL._SL500_.jpg" alt="Product Image"></a><p>Paper Mate Colorful Gel Pens - InkJoy Gel Pens Assorted Medium Point (0.7). Perfect for Vibrant Colored Writing and Sketching with Paper Mate InkJoy 14 Count</p><p> -18% 0FF </p><p>$10.31</p><a href="https://www.amazon.com/dp/B019QBOG3U?tag=eloabder-20&linkCode=osi&th=1&psc=1">View Product</a></div><div class="product"><a href="https://www.amazon.com/dp/B0C73JDN4S?tag=eloabder-20&linkCode=osi&th=1&psc=1"><img src="https://m.media-amazon.com/images/I/51DJUUxL7HL._SL500_.jpg" alt="Product Image"></a><p>Linbsunne Ballpoint Pens Black Medium Point 1mm Pen with Super Soft Grip Ball Point Pen for Men Women Retractable Pens (gold-12 pcs)</p><p> -10% 0FF </p><p>$8.99</p><a href="https://www.amazon.com/dp/B0C73JDN4S?tag=eloabder-20&linkCode=osi&th=1&psc=1">View Product</a></div><div class="product"><a href="https://www.amazon.com/dp/B001OTA66O?tag=eloabder-20&linkCode=osi&th=1&psc=1"><img src="https://m.media-amazon.com/images/I/41yS5tBZQLL._SL500_.jpg" alt="Product Image"></a><p>BIC Glide Black Retractable Ballpoint Pens, Medium Point (1.0mm), 4-Count Pack, Ultra Smooth Writing Black Pens</p><p> -40% 0FF </p><p>$2.99</p><a href="https://www.amazon.com/dp/B001OTA66O?tag=eloabder-20&linkCode=osi&th=1&psc=1">View Product</a></div>
<div class="product"><a href="https://www.amazon.com/dp/B002HVXXCW?tag=eloabder-20&linkCode=osi&th=1&psc=1"><img src="https://m.media-amazon.com/images/I/41JeEedXCeL._SL500_.jpg" alt="Product Image"></a><p>Ticonderoga Wood-Cased Pencils, Pre-Sharpened, 2 HB Soft, Yellow, 10 Count</p><p> -58% 0FF </p><p>$2.49</p><a href="https://www.amazon.com/dp/B002HVXXCW?tag=eloabder-20&linkCode=osi&th=1&psc=1">View Product</a></div><div class="product"><a href="https://www.amazon.com/dp/B077Q4B6YN?tag=eloabder-20&linkCode=osi&th=1&psc=1"><img src="https://m.media-amazon.com/images/I/4160YcHGDNL._SL500_.jpg" alt="Product Image"></a><p>Paper Mate 2017483 Mechanical Pencils for Handwriting, Triangular, 5/PK, AST</p><p> -45% 0FF </p><p>$3.47</p><a href="https://www.amazon.com/dp/B077Q4B6YN?tag=eloabder-20&linkCode=osi&th=1&psc=1">View Product</a></div>
<div class="product"><a href="https://www.amazon.com/dp/B0D7YTZNRF?tag=eloabder-20&linkCode=osi&th=1&psc=1"><img src="https://m.media-amazon.com/images/I/41hSbSlNAmL._SL500_.jpg" alt="Product Image"></a><p>YASNAY Alcohol Markers, 48 Colors Dual Tip Art Marker, Drawing Markers, Coloring Marker for Kids Sketching Adult Coloring</p><p> -27% 0FF </p><p>$10.99</p><a href="https://www.amazon.com/dp/B0D7YTZNRF?tag=eloabder-20&linkCode=osi&th=1&psc=1">View Product</a></div><div class="product"><a href="https://www.amazon.com/dp/B07CJ8QXF8?tag=eloabder-20&linkCode=osi&th=1&psc=1"><img src="https://m.media-amazon.com/images/I/51bChi4-H4L._SL500_.jpg" alt="Product Image"></a><p>Dual Markers Brush Pens, 36 Fine Point Art Marker, Double Tip Colored Pen for Adult Coloring Hand Lettering, School Classroom Art Suppliers</p><p> -20% 0FF </p><p>$7.98</p><a href="https://www.amazon.com/dp/B07CJ8QXF8?tag=eloabder-20&linkCode=osi&th=1&psc=1">View Product</a></div><div class="product"><a href="https://www.amazon.com/dp/B071CP6X88?tag=eloabder-20&linkCode=osi&th=1&psc=1"><img src="https://m.media-amazon.com/images/I/41sNeEYkTNL._SL500_.jpg" alt="Product Image"></a><p>Crayola Super Tips Marker Set for Kids (100ct), Broad Tip & Fine Point Washable Art Markers for Kids, Bulk School Supplies, Teacher Classroom Must Haves, Drawing Supplies</p><p> -19% 0FF </p><p>$16.29</p><a href="https://www.amazon.com/dp/B071CP6X88?tag=eloabder-20&linkCode=osi&th=1&psc=1">View Product</a></div><div class="product"><a href="https://www.amazon.com/dp/B08MBFPFCQ?tag=eloabder-20&linkCode=osi&th=1&psc=1"><img src="https://m.media-amazon.com/images/I/51DaGL7Z4oL._SL500_.jpg" alt="Product Image"></a><p>Sharpie Permanent Markers Variety Pack, Includes Chisel, Fine, and Ultra-Fine Tips, Marker Set, Writing, Coloring, Poster, Office, School Supplies, Black, 6 Count</p><p> -19% 0FF </p><p>$4.63 ($0.77 / Count)</p><a href="https://www.amazon.com/dp/B08MBFPFCQ?tag=eloabder-20&linkCode=osi&th=1&psc=1">View Product</a></div>
<div class="product"><a href="https://www.amazon.com/dp/B09Y2KJ2KX?tag=eloabder-20&linkCode=osi&th=1&psc=1"><img src="https://m.media-amazon.com/images/I/41EhQr7suML._SL500_.jpg" alt="Product Image"></a><p>Sharpie Pocket Highlighters, Mild Pastel Colors, Assorted, Chisel Tip, 12 Count - School, Home, and Office Use, Teacher Supplies</p><p> -22% 0FF </p><p>$7.76 ($0.65 / Count)</p><a href="https://www.amazon.com/dp/B09Y2KJ2KX?tag=eloabder-20&linkCode=osi&th=1&psc=1">View Product</a></div><div class="product"><a href="https://www.amazon.com/dp/B08698MJWT?tag=eloabder-20&linkCode=osi&th=1&psc=1"><img src="https://m.media-amazon.com/images/I/512N7aYt5oL._SL500_.jpg" alt="Product Image"></a><p>Sharpie S-Note Creative Markers, Pastel Highlighters, Art Marker Set, Assorted Colors, Chisel Tip, 24 Count - School, Home, and Office Use, Teacher Supplies</p><p> -60% 0FF </p><p>$8.83</p><a href="https://www.amazon.com/dp/B08698MJWT?tag=eloabder-20&linkCode=osi&th=1&psc=1">View Product</a></div>
<div class="product"><a href="https://www.amazon.com/dp/B097DPQPYN?tag=eloabder-20&linkCode=osi&th=1&psc=1"><img src="https://m.media-amazon.com/images/I/51nFyQPtfkL._SL500_.jpg" alt="Product Image"></a><p>Sonuimy Pencil Sharpeners, 4 Pcs Pencil Sharpeners Manual,Dual Holes Compact Colored Handheld Pencil Sharpener for Kids with Lid Adults Students School Class Home Office (Covered)</p><p> -13% 0FF </p><p>$4.49</p><a href="https://www.amazon.com/dp/B097DPQPYN?tag=eloabder-20&linkCode=osi&th=1&psc=1">View Product</a></div><div class="product"><a href="https://www.amazon.com/dp/B000MFN1G8?tag=eloabder-20&linkCode=osi&th=1&psc=1"><img src="https://m.media-amazon.com/images/I/41JPflroUEL._SL500_.jpg" alt="Product Image"></a><p>Compact Desktop Electric Pencil Sharpener, Black, Sold as 1 Each</p><p> -21% 0FF </p><p>$15.89</p><a href="https://www.amazon.com/dp/B000MFN1G8?tag=eloabder-20&linkCode=osi&th=1&psc=1">View Product</a></div><div class="product"><a href="https://www.amazon.com/dp/B00125KXGI?tag=eloabder-20&linkCode=osi&th=1&psc=1"><img src="https://m.media-amazon.com/images/I/51avY0bZv6L._SL500_.jpg" alt="Product Image"></a><p>Bostitch Office Personal Electric Pencil Sharpener, Powerful Stall-Free Motor, High Capacity Shavings Tray, Blue</p><p> -13% 0FF </p><p>$17.48</p><a href="https://www.amazon.com/dp/B00125KXGI?tag=eloabder-20&linkCode=osi&th=1&psc=1">View Product</a></div><div class="product"><a href="https://www.amazon.com/dp/B078DZY9Z5?tag=eloabder-20&linkCode=osi&th=1&psc=1"><img src="https://m.media-amazon.com/images/I/41KbUFGrXfL._SL500_.jpg" alt="Product Image"></a><p>JARLINK Electric Pencil Sharpener, Heavy-Duty Helical Blade to Fast Sharpen, Auto Stop for No.2/Colored Pencils(6-8mm), AC Adapter/Battery Operated in School Classroom/Office/Home (Black)</p><p> -21% 0FF </p><p>$16.98</p><a href="https://www.amazon.com/dp/B078DZY9Z5?tag=eloabder-20&linkCode=osi&th=1&psc=1">View Product</a></div><div class="product"><a href="https://www.amazon.com/dp/B08DLXH86D?tag=eloabder-20&linkCode=osi&th=1&psc=1"><img src="https://m.media-amazon.com/images/I/41UghsnBycL._SL500_.jpg" alt="Product Image"></a><p>Aogwat Pencil Sharpener Electric Pencil Sharpener for Kids, Blade to Fast Sharpen, Suitable for No.2/School/Classroom/Office/Home (Black)</p><p> -23% 0FF </p><p>$9.99</p><a href="https://www.amazon.com/dp/B08DLXH86D?tag=eloabder-20&linkCode=osi&th=1&psc=1">View Product</a></div><div class="product"><a href="https://www.amazon.com/dp/B000GP0VIU?tag=eloabder-20&linkCode=osi&th=1&psc=1"><img src="https://m.media-amazon.com/images/I/318OKKSwzbL._SL500_.jpg" alt="Product Image"></a><p>Bostitch Office Wall Mount Manual Pencil Sharpener, Tip Saver, 8 Hole Dial, 6X Longer Cutter Life, Vertical or Horizontal Mounting Black (MPS1-BLK)</p><p> -9% 0FF </p><p>$13.18</p><a href="https://www.amazon.com/dp/B000GP0VIU?tag=eloabder-20&linkCode=osi&th=1&psc=1">View Product</a></div>
<div class="product"><a href="https://www.amazon.com/dp/B00094H4LU?tag=eloabder-20&linkCode=osi&th=1&psc=1"><img src="https://m.media-amazon.com/images/I/41f-fbZYU1L._SL500_.jpg" alt="Product Image"></a><p>Paper Mate Erasers | Pink Pearl Large Erasers 12 Count</p><p> -55% 0FF </p><p>$6.03</p><a href="https://www.amazon.com/dp/B00094H4LU?tag=eloabder-20&linkCode=osi&th=1&psc=1">View Product</a></div><div class="product"><a href="https://www.amazon.com/dp/B07DPVVMWB?tag=eloabder-20&linkCode=osi&th=1&psc=1"><img src="https://m.media-amazon.com/images/I/51wLlsENgiL._SL500_.jpg" alt="Product Image"></a><p>Mr. Pen Erasers for Pencils, 120 Pack, Pencil Top Erasers, Eraser Caps, Cap Tops, Topper Erasers. Ereaser</p><p> -24% 0FF </p><p>$5.95</p><a href="https://www.amazon.com/dp/B07DPVVMWB?tag=eloabder-20&linkCode=osi&th=1&psc=1">View Product</a></div><div class="product"><a href="https://www.amazon.com/dp/B07144DC8V?tag=eloabder-20&linkCode=osi&th=1&psc=1"><img src="https://m.media-amazon.com/images/I/51Ed1+HW9cL._SL500_.jpg" alt="Product Image"></a><p>Pentel Hi-Polymer Block Eraser, White, 10/Box (ZEH10PC10)</p><p> -44% 0FF </p><p>$9.99</p><a href="https://www.amazon.com/dp/B07144DC8V?tag=eloabder-20&linkCode=osi&th=1&psc=1">View Product</a></div><div class="product"><a href="https://www.amazon.com/dp/B0047CT6SE?tag=eloabder-20&linkCode=osi&th=1&psc=1"><img src="https://m.media-amazon.com/images/I/41bhWXKeeiL._SL500_.jpg" alt="Product Image"></a><p>Pentel Clic Retractable Eraser with Grip, 3 Pack</p><p> -29% 0FF </p><p>$4.77</p><a href="https://www.amazon.com/dp/B0047CT6SE?tag=eloabder-20&linkCode=osi&th=1&psc=1">View Product</a></div>
<div class="product"><a href="https://www.amazon.com/dp/B09S9X3HV7?tag=eloabder-20&linkCode=osi&th=1&psc=1"><img src="https://m.media-amazon.com/images/I/51GgMyfl5VL._SL500_.jpg" alt="Product Image"></a><p>Color Transparent Ruler Plastic Rulers - Ruler 12 inch, Kids Ruler for School, Ruler with Centimeters, Millimeter and Inches, Assorted Colors, Clear Rulers, 7 Pack School Rulers</p><p> -16% 0FF </p><p>$5.99</p><a href="https://www.amazon.com/dp/B09S9X3HV7?tag=eloabder-20&linkCode=osi&th=1&psc=1">View Product</a></div><div class="product"><a href="https://www.amazon.com/dp/B06XK9VQM4?tag=eloabder-20&linkCode=osi&th=1&psc=1"><img src="https://m.media-amazon.com/images/I/51Glln3n-nL._SL500_.jpg" alt="Product Image"></a><p>Outus 12 Pack Wood Ruler Bulk for Students Wooden School Rulers Gifts Office Classroom Measuring, 2 Scale, 12 Inch and 30 cm</p><p> -6% 0FF </p><p>$7.99</p><a href="https://www.amazon.com/dp/B06XK9VQM4?tag=eloabder-20&linkCode=osi&th=1&psc=1">View Product</a></div><div class="product"><a href="https://www.amazon.com/dp/B0B5MLTG7J?tag=eloabder-20&linkCode=osi&th=1&psc=1"><img src="https://m.media-amazon.com/images/I/51z9LUxLKmL._SL500_.jpg" alt="Product Image"></a><p>DAGONGREN 30 Pack Clear Plastic Rulers 12 Inch,Transparent Assorted Color Metric Bulk Rulers with Inches and Centimeters,Kids Ruler for School,Home,Office</p><p> -9% 0FF </p><p>$9.99</p><a href="https://www.amazon.com/dp/B0B5MLTG7J?tag=eloabder-20&linkCode=osi&th=1&psc=1">View Product</a></div><div class="product"><a href="https://www.amazon.com/dp/B096MPPF53?tag=eloabder-20&linkCode=osi&th=1&psc=1"><img src="https://m.media-amazon.com/images/I/51qUpElDRcS._SL500_.jpg" alt="Product Image"></a><p>Tenare 1 Set Plastic Clear Math Set Includes Protractor Triangle Rulers 12 Inch 6 Inch Straight Geometry Math Transparent Ruler Measuring Tool for School Office Home Supplies(Clear)</p><p> -25% 0FF </p><p>$5.98</p><a href="https://www.amazon.com/dp/B096MPPF53?tag=eloabder-20&linkCode=osi&th=1&psc=1">View Product</a></div>
<div class="product"><a href="https://www.amazon.com/dp/B07YDDX4JL?tag=eloabder-20&linkCode=osi&th=1&psc=1"><img src="https://m.media-amazon.com/images/I/41oBPZwCRLL._SL500_.jpg" alt="Product Image"></a><p>3-Pack 8" Heavy Duty Scissors with Ultra Sharp Blades and Comfort Grip Handles - For Office, Home, School, Sewing, and Crafts</p><p> -15% 0FF </p><p>$8.49 ($2.83 / Count)</p><a href="https://www.amazon.com/dp/B07YDDX4JL?tag=eloabder-20&linkCode=osi&th=1&psc=1">View Product</a></div><div class="product"><a href="https://www.amazon.com/dp/B01BRGU8R0?tag=eloabder-20&linkCode=osi&th=1&psc=1"><img src="https://m.media-amazon.com/images/I/41ANVra+eNL._SL500_.jpg" alt="Product Image"></a><p>Amazon Basics Stainless Steel Scissors for Office, Crafts, Multipurpose, Sharp, Comfort Grip, PVD Coated, 3 Pack, Multicolor</p><p> -45% 0FF </p><p>$7.55</p><a href="https://www.amazon.com/dp/B01BRGU8R0?tag=eloabder-20&linkCode=osi&th=1&psc=1">View Product</a></div><div class="product"><a href="https://www.amazon.com/dp/B000P0LNRE?tag=eloabder-20&linkCode=osi&th=1&psc=1"><img src="https://m.media-amazon.com/images/I/41fWgMTO0JL._SL500_.jpg" alt="Product Image"></a><p>Westcott 8-Inch Titanium-Bonded Scissors with Adjustable Glide Feature for Office and Home - Gray/Yellow, 2-Pack</p><p> -33% 0FF </p><p>$9.97</p><a href="https://www.amazon.com/dp/B000P0LNRE?tag=eloabder-20&linkCode=osi&th=1&psc=1">View Product</a></div>
<div class="product"><a href="https://www.amazon.com/dp/B074ZRZ4CZ?tag=eloabder-20&linkCode=osi&th=1&psc=1"><img src="https://m.media-amazon.com/images/I/41bu+HKxC2L._SL500_.jpg" alt="Product Image"></a><p>Swingline Commercial Stapler, 20 Sheet Capacity, Jam Free, Metal, 2 Pack, Black (44401AZ)</p><p> -5% 0FF </p><p>$18.98</p><a href="https://www.amazon.com/dp/B074ZRZ4CZ?tag=eloabder-20&linkCode=osi&th=1&psc=1">View Product</a></div><div class="product"><a href="https://www.amazon.com/dp/B001PME62K?tag=eloabder-20&linkCode=osi&th=1&psc=1"><img src="https://m.media-amazon.com/images/I/41gbaJu-3iL._SL500_.jpg" alt="Product Image"></a><p>Swingline Stapler, 40 Sheet Capacity, Optima 40, Jam Free, Reduced Effort, Soft Grip, Metal, Orange and Gray (87845)</p><p> -14% 0FF </p><p>$24.19</p><a href="https://www.amazon.com/dp/B001PME62K?tag=eloabder-20&linkCode=osi&th=1&psc=1">View Product</a></div><div class="product"><a href="https://www.amazon.com/dp/B0D2JBKYM1?tag=eloabder-20&linkCode=osi&th=1&psc=1"><img src="https://m.media-amazon.com/images/I/41zFTU9QpfL._SL500_.jpg" alt="Product Image"></a><p>Bostitch Office Stapler, No-Jam Premium for Desktop, Includes 1,250 Staples, Full-Strip, 25 Sheet Capacity, Black</p><p> -26% 0FF </p><p>$6.99</p><a href="https://www.amazon.com/dp/B0D2JBKYM1?tag=eloabder-20&linkCode=osi&th=1&psc=1">View Product</a></div><div class="product"><a href="https://www.amazon.com/dp/B0CC5GJKM1?tag=eloabder-20&linkCode=osi&th=1&psc=1"><img src="https://m.media-amazon.com/images/I/41JDDoSZQiL._SL500_.jpg" alt="Product Image"></a><p>Metal Stapler Heavy Duty 50 Sheet Capacity with 1750 Staples and Staple Remover, Full Strip Staplers for Desk, No Jam, Non-Slip for Office & Classroom, Black</p><p> -33% 0FF </p><p>$13.29</p><a href="https://www.amazon.com/dp/B0CC5GJKM1?tag=eloabder-20&linkCode=osi&th=1&psc=1">View Product</a></div><div class="product"><a href="https://www.amazon.com/dp/B0006HUQZ6?tag=eloabder-20&linkCode=osi&th=1&psc=1"><img src="https://m.media-amazon.com/images/I/31e-T-f1TGL._SL500_.jpg" alt="Product Image"></a><p>Swingline Stapler, 30 Sheet Capacity, 747 Business Stapler, Jam Free, Metal, Rio Red (74736)</p><p> -23% 0FF </p><p>$15.30</p><a href="https://www.amazon.com/dp/B0006HUQZ6?tag=eloabder-20&linkCode=osi&th=1&psc=1">View Product</a></div>
<div class="product"><a href="https://www.amazon.com/dp/B00J8PJJF0?tag=eloabder-20&linkCode=osi&th=1&psc=1"><img src="https://m.media-amazon.com/images/I/418dc+5ZGkL._SL500_.jpg" alt="Product Image"></a><p>Bostitch Office Premium Standard Staples, 1/4" Full Strip, Box of 5,000 Staples</p><p> -27% 0FF </p><p>$4.39</p><a href="https://www.amazon.com/dp/B00J8PJJF0?tag=eloabder-20&linkCode=osi&th=1&psc=1">View Product</a></div><div class="product"><a href="https://www.amazon.com/dp/B079VYR12V?tag=eloabder-20&linkCode=osi&th=1&psc=1"><img src="https://m.media-amazon.com/images/I/51xAt88vqrL._SL500_.jpg" alt="Product Image"></a><p>Officemate Standard Staples, 10 Boxes General Purpose Staple (91950)</p><p> -10% 0FF </p><p>$14.37</p><a href="https://www.amazon.com/dp/B079VYR12V?tag=eloabder-20&linkCode=osi&th=1&psc=1">View Product</a></div><div class="product"><a href="https://www.amazon.com/dp/B00006IFMQ?tag=eloabder-20&linkCode=osi&th=1&psc=1"><img src="https://m.media-amazon.com/images/I/51UsWZuFq8L._SL500_.jpg" alt="Product Image"></a><p>Bostitch Office B8 PowerCrown 0.25 Inch Staples, Pack of 5,000 Staples (STCRP21151/4), Silver</p><p> -30% 0FF </p><p>$2.33</p><a href="https://www.amazon.com/dp/B00006IFMQ?tag=eloabder-20&linkCode=osi&th=1&psc=1">View Product</a></div>
<div class="product"><a href="https://www.amazon.com/dp/B000J07BRQ?tag=eloabder-20&linkCode=osi&th=1&psc=1"><img src="https://m.media-amazon.com/images/I/51QpJKjajbL._SL500_.jpg" alt="Product Image"></a><p>Scotch Heavy Duty Shipping Packing Tape, Clear, Packing Tape for Moving Boxes and Packaging Supplies, 1.88 in. x 22.2 yd., 6 Roll Dispensers, Moving Supplies</p><p> -35% 0FF </p><p>$12.99</p><a href="https://www.amazon.com/dp/B000J07BRQ?tag=eloabder-20&linkCode=osi&th=1&psc=1">View Product</a></div><div class="product"><a href="https://www.amazon.com/dp/B0000DH8HQ?tag=eloabder-20&linkCode=osi&th=1&psc=1"><img src="https://m.media-amazon.com/images/I/414lAY+087L._SL500_.jpg" alt="Product Image"></a><p>Scotch Magic Tape, Invisible Transparent Tape, 6 Tape Rolls with Dispensers, 3/4 in x 650 in</p><p> -23% 0FF </p><p>$12.34</p><a href="https://www.amazon.com/dp/B0000DH8HQ?tag=eloabder-20&linkCode=osi&th=1&psc=1">View Product</a></div><div class="product"><a href="https://www.amazon.com/dp/B0DQHV6X92?tag=eloabder-20&linkCode=osi&th=1&psc=1"><img src="https://m.media-amazon.com/images/I/51ViCFlgldL._SL500_.jpg" alt="Product Image"></a><p>BeataTap Tape, Invisible Tape, 6 Rolls + 6 Refillable Dispensers, Matte Finish, Writable, 3/4″ x 650″, Transparent Tape, Clear Tape for Gift Wrapping Paper, School Supplies</p><p> -15% 0FF </p><p>$5.94 ($0.99 / Count)</p><a href="https://www.amazon.com/dp/B0DQHV6X92?tag=eloabder-20&linkCode=osi&th=1&psc=1">View Product</a></div><div class="product"><a href="https://www.amazon.com/dp/B07CB6LN5S?tag=eloabder-20&linkCode=osi&th=1&psc=1"><img src="https://m.media-amazon.com/images/I/41NNyeISnjL._SL500_.jpg" alt="Product Image"></a><p>Scotch Super-Hold Tape, 2 Rolls, Transparent Finish, 50% More Adhesive, Trusted Favorite, 3/4 x 600 Inches, Dispensered (198DM-2)</p><p> -30% 0FF </p><p>$5.97</p><a href="https://www.amazon.com/dp/B07CB6LN5S?tag=eloabder-20&linkCode=osi&th=1&psc=1">View Product</a></div><div class="product"><a href="https://www.amazon.com/dp/B00464740A?tag=eloabder-20&linkCode=osi&th=1&psc=1"><img src="https://m.media-amazon.com/images/I/51ZPFoiGfuL._SL500_.jpg" alt="Product Image"></a><p>Scotch Sure Start Shipping Packaging Tape, 1.88" x 22.2 yd, Designed for Packing, Shipping and Mailing, Quiet Unwind, No Splitting or Tearing, 1.5" Core, Clear, 6 Dispensered Rolls (145-6)</p><p> -28% 0FF </p><p>$13.48</p><a href="https://www.amazon.com/dp/B00464740A?tag=eloabder-20&linkCode=osi&th=1&psc=1">View Product</a></div><div class="product"><a href="https://www.amazon.com/dp/B09C6LLG9P?tag=eloabder-20&linkCode=osi&th=1&psc=1"><img src="https://m.media-amazon.com/images/I/41rbv66ZNBL._SL500_.jpg" alt="Product Image"></a><p>Scotch Box Lock Packaging Tape, 1 Roll with Dispenser, 1.88 in x 1000 in, Extreme Grip, Sticks Instantly to Any Box (195L)</p><p> -31% 0FF </p><p>$4.12</p><a href="https://www.amazon.com/dp/B09C6LLG9P?tag=eloabder-20&linkCode=osi&th=1&psc=1">View Product</a></div>
<div class="product"><a href="https://www.amazon.com/dp/B08QQZ71CV?tag=eloabder-20&linkCode=osi&th=1&psc=1"><img src="https://m.media-amazon.com/images/I/51Foz0aGYoS._SL500_.jpg" alt="Product Image"></a><p>Gorilla Super Glue, Clear Glue, Four 3 Gram Tubes (Pack of 1) - All Purpose and Fast Setting for Projects and Repairs</p><p> -25% 0FF </p><p>$9.49 ($22.60 / Ounce)</p><a href="https://www.amazon.com/dp/B08QQZ71CV?tag=eloabder-20&linkCode=osi&th=1&psc=1">View Product</a></div><div class="product"><a href="https://www.amazon.com/dp/B07J6R3GK7?tag=eloabder-20&linkCode=osi&th=1&psc=1"><img src="https://m.media-amazon.com/images/I/31kdOjGBkpL._SL500_.jpg" alt="Product Image"></a><p>Amazon Basics All Purpose Washable School Clear Liquid Glue - Great for Making Slime, 128 fl oz</p><p> -6% 0FF </p><p>$16.13</p><a href="https://www.amazon.com/dp/B07J6R3GK7?tag=eloabder-20&linkCode=osi&th=1&psc=1">View Product</a></div><div class="product"><a href="https://www.amazon.com/dp/B00178QQJ8?tag=eloabder-20&linkCode=osi&th=1&psc=1"><img src="https://m.media-amazon.com/images/I/41zs6k410RL._SL500_.jpg" alt="Product Image"></a><p>Mod Podge Gloss Sealer, Glue & Finish: All-in-One Craft Solution- Quick Dry, Easy Clean, for Wood, Paper, Fabric & More. Non-Toxic - Craft with Confidence, Made in USA, 16 oz., Pack of 1</p><p> -36% 0FF </p><p>$7.99 ($0.50 / Fl Oz)</p><a href="https://www.amazon.com/dp/B00178QQJ8?tag=eloabder-20&linkCode=osi&th=1&psc=1">View Product</a></div><div class="product"><a href="https://www.amazon.com/dp/B073V14DZJ?tag=eloabder-20&linkCode=osi&th=1&psc=1"><img src="https://m.media-amazon.com/images/I/31Iyy5+vk6L._SL500_.jpg" alt="Product Image"></a><p>Amazon Basics All Purpose Washable School Craft Liquid Glue for Making Slime, White, Single Pack, 1 Gallon</p><p> -7% 0FF </p><p>$15.54</p><a href="https://www.amazon.com/dp/B073V14DZJ?tag=eloabder-20&linkCode=osi&th=1&psc=1">View Product</a></div><div class="product"><a href="https://www.amazon.com/dp/B0006HUJCQ?tag=eloabder-20&linkCode=osi&th=1&psc=1"><img src="https://m.media-amazon.com/images/I/511pTqChTCL._SL500_.jpg" alt="Product Image"></a><p>Loctite Super Glue Gel Control, Clear, 0.14 fl oz Bottle, 1 Pack - Superglue for Plastic, Wood, Metal, Crafts & Repair, Cyanoacrylate Adhesive Instant Glue, Quick Dry</p><p> -13% 0FF </p><p>$3.64 ($26.00 / Fl Oz)</p><a href="https://www.amazon.com/dp/B0006HUJCQ?tag=eloabder-20&linkCode=osi&th=1&psc=1">View Product</a></div>

<div class="product"><a href="https://www.amazon.com/dp/B0033J6V3A?tag=eloabder-20&linkCode=osi&th=1&psc=1"><img src="https://m.media-amazon.com/images/I/21o5ASbichL._SL500_.jpg" alt="Product Image"></a><p>NuSparc 2 Drawer Locking Filing Cabinet | Pre-Assembled Steel Construction | Space-Saving Design is Perfect for Home and Small Office | Letter-Size | Assembled in North America</p><p> -14% 0FF </p><p>$76.99</p><a href="https://www.amazon.com/dp/B0033J6V3A?tag=eloabder-20&linkCode=osi&th=1&psc=1">View Product</a></div><div class="product"><a href="https://www.amazon.com/dp/B0D9XYD75W?tag=eloabder-20&linkCode=osi&th=1&psc=1"><img src="https://m.media-amazon.com/images/I/31VM3xK++PL._SL500_.jpg" alt="Product Image"></a><p>BYNSOE 2 Drawer File Cabinet with Lock Vertical Filing Storage Cabinet Office Home Steel Vertical File Cabinets for Letter Size File Cabinet Locked,Assembly Required</p><p> -8% 0FF </p><p>$54.99</p><a href="https://www.amazon.com/dp/B0D9XYD75W?tag=eloabder-20&linkCode=osi&th=1&psc=1">View Product</a></div><div class="product"><a href="https://www.amazon.com/dp/B0989HLF81?tag=eloabder-20&linkCode=osi&th=1&psc=1"><img src="https://m.media-amazon.com/images/I/51vzgnkbcjL._SL500_.jpg" alt="Product Image"></a><p>DEVAISE 3 Drawer Mobile File Cabinet, Wood Lateral Filing Cabinet, Printer Stand with Open Shelves for Home Office, Rustic Brown</p><p> -21% 0FF </p><p>$74.99</p><a href="https://www.amazon.com/dp/B0989HLF81?tag=eloabder-20&linkCode=osi&th=1&psc=1">View Product</a></div>
<div class="product"><a href="https://www.amazon.com/dp/B00006RSQD?tag=eloabder-20&linkCode=osi&th=1&psc=1"><img src="https://m.media-amazon.com/images/I/315rez3KpeL._SL500_.jpg" alt="Product Image"></a><p>Bush Business Furniture Series C 36W Tall 5 Shelf Bookcase in Hansen Cherry, Large Storage and Display Bookshelf for Home or Professional Office</p><p> -8% 0FF </p><p>$239.49</p><a href="https://www.amazon.com/dp/B00006RSQD?tag=eloabder-20&linkCode=osi&th=1&psc=1">View Product</a></div>
<div class="product"><a href="https://www.amazon.com/dp/B09F6JPYSY?tag=eloabder-20&linkCode=osi&th=1&psc=1"><img src="https://m.media-amazon.com/images/I/51fGLH7lhHL._SL500_.jpg" alt="Product Image"></a><p>SPACELEAD Slim Storage Cart 3 Tier,Bathroom Organizer Rolling Utility,Mobile Shelving Unit Slide Out for Office, Kitchen, Laundry Room & Narrow Places,Black</p><p> -30% 0FF </p><p>$20.99</p><a href="https://www.amazon.com/dp/B09F6JPYSY?tag=eloabder-20&linkCode=osi&th=1&psc=1">View Product</a></div><div class="product"><a href="https://www.amazon.com/dp/B08KFTVGQY?tag=eloabder-20&linkCode=osi&th=1&psc=1"><img src="https://m.media-amazon.com/images/I/51BjUEmGaiL._SL500_.jpg" alt="Product Image"></a><p>SONGMICS Cube Storage Organizer, Set of 16 Plastic Cubes, Closet Organizers and Storage, Room Organization, Bedroom Living Room, 12.2 x 48.4 x 48.4 Inches, Rustic Brown ULPC442A01</p><p> -15% 0FF </p><p>$46.99</p><a href="https://www.amazon.com/dp/B08KFTVGQY?tag=eloabder-20&linkCode=osi&th=1&psc=1">View Product</a></div><div class="product"><a href="https://www.amazon.com/dp/B0DG359YX5?tag=eloabder-20&linkCode=osi&th=1&psc=1"><img src="https://m.media-amazon.com/images/I/41OBXL4HJdL._SL500_.jpg" alt="Product Image"></a><p>VIVO Clamp-on 13 inch Above or Below Desk 2-Tier Shelving Unit for Table Accessories, Gaming Devices, and More, Storage Tray, Desktop Organizer, Rustic Vintage Brown, STAND-SHELF2C-N</p><p> -20% 0FF </p><p>$39.99</p><a href="https://www.amazon.com/dp/B0DG359YX5?tag=eloabder-20&linkCode=osi&th=1&psc=1">View Product</a></div><div class="product"><a href="https://www.amazon.com/dp/B0D7S5GGP6?tag=eloabder-20&linkCode=osi&th=1&psc=1"><img src="https://m.media-amazon.com/images/I/51EriWG2BLL._SL500_.jpg" alt="Product Image"></a><p>C&AHOME Wire Cube Storage, 9 - Cube Organizer Metal C Grids, Modular Shelves Units, Closet Organizer, Ideal for Home, Office, Living Room, 36.6”L x 12.4”W x 48.4”H, Silver Gray UWCS3009G</p><p> -33% 0FF </p><p>$28.87</p><a href="https://www.amazon.com/dp/B0D7S5GGP6?tag=eloabder-20&linkCode=osi&th=1&psc=1">View Product</a></div>
<div class="product"><a href="https://www.amazon.com/dp/B0B1M6ML2J?tag=eloabder-20&linkCode=osi&th=1&psc=1"><img src="https://m.media-amazon.com/images/I/51pX2Qo38JL._SL500_.jpg" alt="Product Image"></a><p>WOWBOX 25 PCS Clear Plastic Drawer Organizer Set, 4 Sizes Desk Drawer Divider Organizers and Storage Bins for Makeup, Jewelry, Gadgets for Kitchen, Bedroom, Bathroom, Office</p><p> -35% 0FF </p><p>$16.13 ($0.65 / Count)</p><a href="https://www.amazon.com/dp/B0B1M6ML2J?tag=eloabder-20&linkCode=osi&th=1&psc=1">View Product</a></div><div class="product"><a href="https://www.amazon.com/dp/B0DB8F7GDN?tag=eloabder-20&linkCode=osi&th=1&psc=1"><img src="https://m.media-amazon.com/images/I/51iOtKHzvCL._SL500_.jpg" alt="Product Image"></a><p>OPNICE Desk Organizer and Accessories, 2-Tier Computer Monitor Stand Riser with Drawer and 2 Pen Holders, Laptop Stand, Office Desk Accessories for Office Supplies, Black</p><p> -27% 0FF </p><p>$21.99</p><a href="https://www.amazon.com/dp/B0DB8F7GDN?tag=eloabder-20&linkCode=osi&th=1&psc=1">View Product</a></div><div class="product"><a href="https://www.amazon.com/dp/B0FQ86P4M3?tag=eloabder-20&linkCode=osi&th=1&psc=1"><img src="https://m.media-amazon.com/images/I/41ZDdyGnPxL._SL500_.jpg" alt="Product Image"></a><p>Mind Reader 2-Tier Desk Organizer with Clamp, Accessory Shelf for Office or Gaming, Office, Metal, White</p><p> -5% 0FF </p><p>$37.99</p><a href="https://www.amazon.com/dp/B0FQ86P4M3?tag=eloabder-20&linkCode=osi&th=1&psc=1">View Product</a></div><div class="product"><a href="https://www.amazon.com/dp/B0BYDGF8DT?tag=eloabder-20&linkCode=osi&th=1&psc=1"><img src="https://m.media-amazon.com/images/I/51sE2GzgVNL._SL500_.jpg" alt="Product Image"></a><p>OPNICE Desk Organizer and Accessories, 4-Tier Desktop File Organizer with Drawer and 2 Pen Holders, Office Desk Accessories, Workspace Organizers for Office Supplies(Black)</p><p> -33% 0FF </p><p>$19.99</p><a href="https://www.amazon.com/dp/B0BYDGF8DT?tag=eloabder-20&linkCode=osi&th=1&psc=1">View Product</a></div><div class="product"><a href="https://www.amazon.com/dp/B0DJKSMV2T?tag=eloabder-20&linkCode=osi&th=1&psc=1"><img src="https://m.media-amazon.com/images/I/41gO3CCIg1L._SL500_.jpg" alt="Product Image"></a><p>gianotter Dual Monitor Stand Riser, Desk Organizer With Drawer and 2 Pen Holders, Computer Monitor Stand, Shelf for Top of Desk, Black</p><p> -28% 0FF </p><p>$25.99</p><a href="https://www.amazon.com/dp/B0DJKSMV2T?tag=eloabder-20&linkCode=osi&th=1&psc=1">View Product</a></div><div class="product"><a href="https://www.amazon.com/dp/B0BWTT3WK1?tag=eloabder-20&linkCode=osi&th=1&psc=1"><img src="https://m.media-amazon.com/images/I/51JTe2SjicL._SL500_.jpg" alt="Product Image"></a><p>gianotter Desk Organizers and Accessories with File Holder, 4-Tier Desk Accessories & Workspace Organizers with Drawer and 2 Pen Holder, Paper Organizer for Office Supplies (Rose Gold)</p><p> -27% 0FF </p><p>$23.99</p><a href="https://www.amazon.com/dp/B0BWTT3WK1?tag=eloabder-20&linkCode=osi&th=1&psc=1">View Product</a></div><div class="product"><a href="https://www.amazon.com/dp/B09QKDY1YY?tag=eloabder-20&linkCode=osi&th=1&psc=1"><img src="https://m.media-amazon.com/images/I/519UVM73B6L._SL500_.jpg" alt="Product Image"></a><p>Supeasy 5 Trays Paper Organizer Letter Tray with Handle-Mesh Desk File Organizer, Paper Sorter Desk Organizer for Office, Home or School</p><p> -17% 0FF </p><p>$19.99</p><a href="https://www.amazon.com/dp/B09QKDY1YY?tag=eloabder-20&linkCode=osi&th=1&psc=1">View Product</a></div><div class="product"><a href="https://www.amazon.com/dp/B08PBFKGJG?tag=eloabder-20&linkCode=osi&th=1&psc=1"><img src="https://m.media-amazon.com/images/I/61WfW0WLsqL._SL500_.jpg" alt="Product Image"></a><p>Marbrasse 6 Tier Paper Organizer Letter Tray - Mesh Desk File Organizer with Handle, Paper Sorter Organizer for Letter/A4 Office File Folder Holder - Black</p><p> -23% 0FF </p><p>$19.98</p><a href="https://www.amazon.com/dp/B08PBFKGJG?tag=eloabder-20&linkCode=osi&th=1&psc=1">View Product</a></div><div class="product"><a href="https://www.amazon.com/dp/B09K5927B5?tag=eloabder-20&linkCode=osi&th=1&psc=1"><img src="https://m.media-amazon.com/images/I/51u5tZ4jR6L._SL500_.jpg" alt="Product Image"></a><p>Marbrasse Desk Organizer with File Holder, 5-Tier Paper Letter Tray Organizer with Drawer and 2 Pen Holder, Mesh Desktop Organizer and Storage with Magazine Holder for Office Supplies(Black)</p><p> -24% 0FF </p><p>$33.99</p><a href="https://www.amazon.com/dp/B09K5927B5?tag=eloabder-20&linkCode=osi&th=1&psc=1">View Product</a></div>
<div class="product"><a href="https://www.amazon.com/dp/B0CNXF7SVS?tag=eloabder-20&linkCode=osi&th=1&psc=1"><img src="https://m.media-amazon.com/images/I/51a6EswyTZL._SL500_.jpg" alt="Product Image"></a><p>Manalete Drawer Organizers Set of 15, 4 Sizes Clear Plastic Drawer Organizers and Storage Bins for Kitchen, Bathroom, Office, Dresser Desk Drawer Organizer Tray for Jewelry, Makeup, Junk, Gadgets</p><p> -29% 0FF </p><p>$9.99</p><a href="https://www.amazon.com/dp/B0CNXF7SVS?tag=eloabder-20&linkCode=osi&th=1&psc=1">View Product</a></div><div class="product"><a href="https://www.amazon.com/dp/B0CCY5X6SS?tag=eloabder-20&linkCode=osi&th=1&psc=1"><img src="https://m.media-amazon.com/images/I/41Iye-vPXJL._SL500_.jpg" alt="Product Image"></a><p>Bamboo Drawer Organizer Set, 5 PCS Multi-Use Individual Wood Storage Organizers, Junk Drawer Divider and Storage Trays Containers for Kitchen, Bathroom, Office Desk, Makeup, Jewelry, Utensils</p><p> -20% 0FF </p><p>$19.99 ($4.00 / Count)</p><a href="https://www.amazon.com/dp/B0CCY5X6SS?tag=eloabder-20&linkCode=osi&th=1&psc=1">View Product</a></div><div class="product"><a href="https://www.amazon.com/dp/B0CCDJQ7MM?tag=eloabder-20&linkCode=osi&th=1&psc=1"><img src="https://m.media-amazon.com/images/I/51kU0WJxdsL._SL500_.jpg" alt="Product Image"></a><p>Marbrasse Expandable Desk Drawer Organizer, Mesh Drawer Organizer Tray with 10 Adjustable Compartments, Desk Organizers and Accessories, 5 Dividers Drawer for Office Supplies, Makeup & Vanity (Black)</p><p> -15% 0FF </p><p>$17.84</p><a href="https://www.amazon.com/dp/B0CCDJQ7MM?tag=eloabder-20&linkCode=osi&th=1&psc=1">View Product</a></div><div class="product"><a href="https://www.amazon.com/dp/B0DM27MBZN?tag=eloabder-20&linkCode=osi&th=1&psc=1"><img src="https://m.media-amazon.com/images/I/41hAfSMnrZL._SL500_.jpg" alt="Product Image"></a><p>ElegantArray 12 PCS Drawer Organizer Set, 4 Sizes Storage Drawer Units, Clear Plastic Makeup Vanity Organizer and Storage Bins for Makeup, Stationeries, Multiple Gadgets for Bathroom, Office, Bedroom</p><p> -31% 0FF </p><p>$8.99</p><a href="https://www.amazon.com/dp/B0DM27MBZN?tag=eloabder-20&linkCode=osi&th=1&psc=1">View Product</a></div>
<div class="product"><a href="https://www.amazon.com/dp/B0C4T42TPC?tag=eloabder-20&linkCode=osi&th=1&psc=1"><img src="https://m.media-amazon.com/images/I/318IsyAsPXL._SL500_.jpg" alt="Product Image"></a><p>Adjustable Mobile CPU Stand, Ventilated Computer Tower Stand with 4 Caster Wheels Fits Most PC Tower, Under Desk CPU Holder PC Floor Cart Computer Riser for Gamers and Students (Black)</p><p> -21% 0FF </p><p>$14.21</p><a href="https://www.amazon.com/dp/B0C4T42TPC?tag=eloabder-20&linkCode=osi&th=1&psc=1">View Product</a></div><div class="product"><a href="https://www.amazon.com/dp/B094QTGHNZ?tag=eloabder-20&linkCode=osi&th=1&psc=1"><img src="https://m.media-amazon.com/images/I/31VzBQ+jwWL._SL500_.jpg" alt="Product Image"></a><p>WALI Computer Monitor Stand for Desk, Adjustable Laptop Riser, Desk Monitor Stand Underneath Storage for Office, Home, School Supplies (STT003), 1 Pack, Black</p><p> -32% 0FF </p><p>$16.99</p><a href="https://www.amazon.com/dp/B094QTGHNZ?tag=eloabder-20&linkCode=osi&th=1&psc=1">View Product</a></div><div class="product"><a href="https://www.amazon.com/dp/B07H4DMLVH?tag=eloabder-20&linkCode=osi&th=1&psc=1"><img src="https://m.media-amazon.com/images/I/31eTfKhpSWL._SL500_.jpg" alt="Product Image"></a><p>HUANUO Monitor Stand, Monitor Stand Riser 3 Height Adjustable, Monitor Riser with Airflow Vents, Laptop Stand for Desk, Laptop Riser, Desk Organizer for Monitor, 15.6" Laptop, PC, Printer</p><p> -11% 0FF </p><p>$15.19</p><a href="https://www.amazon.com/dp/B07H4DMLVH?tag=eloabder-20&linkCode=osi&th=1&psc=1">View Product</a></div><div class="product"><a href="https://www.amazon.com/dp/B0D69W6H91?tag=eloabder-20&linkCode=osi&th=1&psc=1"><img src="https://m.media-amazon.com/images/I/51rQI+gi3lL._SL500_.jpg" alt="Product Image"></a><p>JANE EYRE Computer Tower Stand - Adjustable PC Tower Stand CPU Holder Cart with Charging Station for Office Home Classroom,23.03"-28.3" H, black</p><p> -10% 0FF </p><p>$53.99</p><a href="https://www.amazon.com/dp/B0D69W6H91?tag=eloabder-20&linkCode=osi&th=1&psc=1">View Product</a></div><div class="product"><a href="https://www.amazon.com/dp/B0C4T34L9Y?tag=eloabder-20&linkCode=osi&th=1&psc=1"><img src="https://m.media-amazon.com/images/I/51BNMGXNOEL._SL500_.jpg" alt="Product Image"></a><p>BONTEC Wooden Monitor Stand Riser, 2-Tier Desk Shelf with Storage Organizer, Ergonomic Computer Stand with Cable Management, Cellphone Holder, White, 16.5 Inch</p><p> -33% 0FF </p><p>$18.04</p><a href="https://www.amazon.com/dp/B0C4T34L9Y?tag=eloabder-20&linkCode=osi&th=1&psc=1">View Product</a></div><div class="product"><a href="https://www.amazon.com/dp/B08BRCT4JH?tag=eloabder-20&linkCode=osi&th=1&psc=1"><img src="https://m.media-amazon.com/images/I/41Ga6A+cXbL._SL500_.jpg" alt="Product Image"></a><p>BESIGN LS03 Aluminum Laptop Stand, Ergonomic Detachable Computer Stand, Notebook Riser Compatible with Air, Pro, Dell, HP, Lenovo More 10-15.6" Laptops, Silver</p><p> -25% 0FF </p><p>$14.98</p><a href="https://www.amazon.com/dp/B08BRCT4JH?tag=eloabder-20&linkCode=osi&th=1&psc=1">View Product</a></div>
<div class="product"><a href="https://www.amazon.com/dp/B07Q79ZZJ6?tag=eloabder-20&linkCode=osi&th=1&psc=1"><img src="https://m.media-amazon.com/images/I/31-LBzENQIL._SL500_.jpg" alt="Product Image"></a><p>Single LCD Computer Monitor Free-Standing Desk Stand Mount Riser for 13 inch to 32 inch screen with Swivel, Height Adjustable, Rotation, Vesa Base Stand Holds One (1) Screen up to 77Lbs(HT05B-001))</p><p> -34% 0FF </p><p>$21.99</p><a href="https://www.amazon.com/dp/B07Q79ZZJ6?tag=eloabder-20&linkCode=osi&th=1&psc=1">View Product</a></div><div class="product"><a href="https://www.amazon.com/dp/B082845XM8?tag=eloabder-20&linkCode=osi&th=1&psc=1"><img src="https://m.media-amazon.com/images/I/41uRH1B7HgL._SL500_.jpg" alt="Product Image"></a><p>Dual Monitor Stand - Vertical Stack Screen Free-Standing Monitor Riser Fits Two 13 to 34 Inch Screen with Swivel, Tilt, Height Adjustable, Holds One (1) Screen Up to 44Lbs</p><p> -5% 0FF </p><p>$31.56</p><a href="https://www.amazon.com/dp/B082845XM8?tag=eloabder-20&linkCode=osi&th=1&psc=1">View Product</a></div><div class="product"><a href="https://www.amazon.com/dp/B00X4SCCFG?tag=eloabder-20&linkCode=osi&th=1&psc=1"><img src="https://m.media-amazon.com/images/I/21X2klzUZGL._SL500_.jpg" alt="Product Image"></a><p>Amazon Basics Height Adjustable Rectangular Computer Monitor Riser Desk Stand with Storage for Reduced Neck Strain - Fits Monitors, Laptops Up to 22lbs, Black</p><p> -35% 0FF </p><p>$14.06</p><a href="https://www.amazon.com/dp/B00X4SCCFG?tag=eloabder-20&linkCode=osi&th=1&psc=1">View Product</a></div>
<div class="product"><a href="https://www.amazon.com/dp/B07HFDJCSL?tag=eloabder-20&linkCode=osi&th=1&psc=1"><img src="https://m.media-amazon.com/images/I/41DR7qY1naL._SL500_.jpg" alt="Product Image"></a><p>VIVO Large Keyboard Tray Under Desk Pull Out with Extra Sturdy C Clamp Mount System, 27 (33 Including Clamps) x 11 Inch Slide-Out Platform Computer Drawer for Typing, Black, MOUNT-KB05E</p><p> -17% 0FF </p><p>$49.99</p><a href="https://www.amazon.com/dp/B07HFDJCSL?tag=eloabder-20&linkCode=osi&th=1&psc=1">View Product</a></div><div class="product"><a href="https://www.amazon.com/dp/B082NKBM62?tag=eloabder-20&linkCode=osi&th=1&psc=1"><img src="https://m.media-amazon.com/images/I/41qQ3p9-mrL._SL500_.jpg" alt="Product Image"></a><p>HUANUO Keyboard Tray Under Desk, 360 Adjustable Ergonomic Sliding Keyboard & Mouse Tray, Under Desk Keyboard Tray Slide Out, Keyboard Holder Under Desk for Typing in Home, Office Work, 25"W x 9.84"D</p><p> -33% 0FF </p><p>$59.98</p><a href="https://www.amazon.com/dp/B082NKBM62?tag=eloabder-20&linkCode=osi&th=1&psc=1">View Product</a></div><div class="product"><a href="https://www.amazon.com/dp/B0F23GTKHL?tag=eloabder-20&linkCode=osi&th=1&psc=1"><img src="https://m.media-amazon.com/images/I/41dmHoeznDL._SL500_.jpg" alt="Product Image"></a><p>Zontera Ergonomic Mouse & Keyboard Tray Under Desk, Pull Out with Adjustable C-clamp, 20 (25.9 Including Clamps) x 11.8 Inch Slide Out Computer Keyboard Drawer Mouse Tray for Typing, Black</p><p> -7% 0FF </p><p>$25.99</p><a href="https://www.amazon.com/dp/B0F23GTKHL?tag=eloabder-20&linkCode=osi&th=1&psc=1">View Product</a></div><div class="product"><a href="https://www.amazon.com/dp/B01IIGMBVI?tag=eloabder-20&linkCode=osi&th=1&psc=1"><img src="https://m.media-amazon.com/images/I/21Vw8003F0L._SL500_.jpg" alt="Product Image"></a><p>Alera ALE Valencia Series Underdesk Keyboard/Mouse Shelf, 28w x 12d, Black</p><p> -50% 0FF </p><p>$29.22</p><a href="https://www.amazon.com/dp/B01IIGMBVI?tag=eloabder-20&linkCode=osi&th=1&psc=1">View Product</a></div>
<div class="product"><a href="https://www.amazon.com/dp/B07C3XZMC6?tag=eloabder-20&linkCode=osi&th=1&psc=1"><img src="https://m.media-amazon.com/images/I/31Eojf7glwL._SL500_.jpg" alt="Product Image"></a><p>JIKIOU 3 Pack Mouse Pad with Stitched Edge, Comfortable Mouse Pads with Non-Slip Rubber Base, Washable Mousepads Bulk with Comfortable Cloth, Mouse Pads for Computers Laptop Mouse 10.2x8.3inch Black</p><p> -29% 0FF </p><p>$7.99</p><a href="https://www.amazon.com/dp/B07C3XZMC6?tag=eloabder-20&linkCode=osi&th=1&psc=1">View Product</a></div><div class="product"><a href="https://www.amazon.com/dp/B085XRMSTT?tag=eloabder-20&linkCode=osi&th=1&psc=1"><img src="https://m.media-amazon.com/images/I/31aDSI0sFoL._SL500_.jpg" alt="Product Image"></a><p>EooCoo Ergonomic Mouse Pad with Wrist Support, Mousepad with Memory Foam Wrist Rest and Non-Slip Base for Computer, Cafe, Home & Office, 9.64 x 8.26 in Office Desk Accessories</p><p> -36% 0FF </p><p>$6.99</p><a href="https://www.amazon.com/dp/B085XRMSTT?tag=eloabder-20&linkCode=osi&th=1&psc=1">View Product</a></div>
<div class="product"><a href="https://www.amazon.com/dp/B0BRCJL4MM?tag=eloabder-20&linkCode=osi&th=1&psc=1"><img src="https://m.media-amazon.com/images/I/41sggzaNbPL._SL500_.jpg" alt="Product Image"></a><p>Led Desk Lamp for Office Home - Eye Caring Architect lamp with Clamp,Dual Screen Computer Monitor Gooseneck Smart Light: 24W 5 Color Flexible Adjustable Lighting Table Lamp for Study Drafting</p><p> -13% 0FF </p><p>$69.99</p><a href="https://www.amazon.com/dp/B0BRCJL4MM?tag=eloabder-20&linkCode=osi&th=1&psc=1">View Product</a></div><div class="product"><a href="https://www.amazon.com/dp/B0BNHNG5CY?tag=eloabder-20&linkCode=osi&th=1&psc=1"><img src="https://m.media-amazon.com/images/I/51ccmdZe2YL._SL500_.jpg" alt="Product Image"></a><p>Micomlan Led Desk Lamp with Clamp, Architect Desk Lamp for Home Office with Atmosphere Lighting, 24W Ultra Bright Auto Dimming Computer Light Stepless Dimming and Tempering LED Table Light</p><p> -27% 0FF </p><p>$49.99</p><a href="https://www.amazon.com/dp/B0BNHNG5CY?tag=eloabder-20&linkCode=osi&th=1&psc=1">View Product</a></div><div class="product"><a href="https://www.amazon.com/dp/B078W61H9P?tag=eloabder-20&linkCode=osi&th=1&psc=1"><img src="https://m.media-amazon.com/images/I/31aebwb3nqL._SL500_.jpg" alt="Product Image"></a><p>LEPOWER Metal Desk Lamp, Eye-Caring Table Lamp, Study Lamps with Flexible Goose Neck for Bedroom, Home Office (Matte Black)</p><p> -24% 0FF </p><p>$24.99</p><a href="https://www.amazon.com/dp/B078W61H9P?tag=eloabder-20&linkCode=osi&th=1&psc=1">View Product</a></div><div class="product"><a href="https://www.amazon.com/dp/B0D1DLY4H4?tag=eloabder-20&linkCode=osi&th=1&psc=1"><img src="https://m.media-amazon.com/images/I/41sKiuSIwRL._SL500_.jpg" alt="Product Image"></a><p>SKYLEO Led Desk Lamp - Desk Light for 31.5" Tall - 5 Color Modes X 11 Brightness Levels - Adjustable Swing Arm - Timmer & Memory Function - 12W Lamp for Desk - Black</p><p> -23% 0FF </p><p>$19.99</p><a href="https://www.amazon.com/dp/B0D1DLY4H4?tag=eloabder-20&linkCode=osi&th=1&psc=1">View Product</a></div><div class="product"><a href="https://www.amazon.com/dp/B0D2LGK82V?tag=eloabder-20&linkCode=osi&th=1&psc=1"><img src="https://m.media-amazon.com/images/I/41UpQ-qygDL._SL500_.jpg" alt="Product Image"></a><p>Addtam LED Desk Lamp, Power Strip with 3 Outlets 4 USB Charging Ports(2 USBC), 4 Modes 5 Level Brightness Touch Lamp, Small Desk Lamp for Home Office College Dorm Room Essentials</p><p> -23% 0FF </p><p>$16.99</p><a href="https://www.amazon.com/dp/B0D2LGK82V?tag=eloabder-20&linkCode=osi&th=1&psc=1">View Product</a></div><div class="product"><a href="https://www.amazon.com/dp/B08LMTQ7ZF?tag=eloabder-20&linkCode=osi&th=1&psc=1"><img src="https://m.media-amazon.com/images/I/21vKPX2KHML._SL500_.jpg" alt="Product Image"></a><p>Lepro LED Desk Lamp for Home Office, 9.5W 750LM Metal Touch Control Desk Light, 5 Color Modes 5 Brightness Level, Eye Caring Task Lamp For Reading, Sewing, Crafts, School Supplies, Puzzle Light, Black</p><p> -13% 0FF </p><p>$24.99</p><a href="https://www.amazon.com/dp/B08LMTQ7ZF?tag=eloabder-20&linkCode=osi&th=1&psc=1">View Product</a></div>
<div class="product"><a href="https://www.amazon.com/dp/B0D7BXNDP4?tag=eloabder-20&linkCode=osi&th=1&psc=1"><img src="https://m.media-amazon.com/images/I/41DuEunZ1+L._SL500_.jpg" alt="Product Image"></a><p>Monitor Fan with Clamp & Light Bar Desk Lamp with fan for Office mini Desk fan small quiet with lamp for PC Laptops Tablet for Home Office Portable Working Reading Stand Lamp</p><p> -5% 0FF </p><p>$15.19</p><a href="https://www.amazon.com/dp/B0D7BXNDP4?tag=eloabder-20&linkCode=osi&th=1&psc=1">View Product</a></div><div class="product"><a href="https://www.amazon.com/dp/B07K1D41DC?tag=eloabder-20&linkCode=osi&th=1&psc=1"><img src="https://m.media-amazon.com/images/I/310MAouNV-L._SL500_.jpg" alt="Product Image"></a><p>OttLite Cool Breeze LED Lamp with Bladeless Fan - 3 Speed Options & 5 Brightness Settings with Energy Efficient Natural Daylight LEDs - Desktop, Table or Nightstand Lamp for Studying or Reading</p><p> -14% 0FF </p><p>$89.98</p><a href="https://www.amazon.com/dp/B07K1D41DC?tag=eloabder-20&linkCode=osi&th=1&psc=1">View Product</a></div>
<div class="product"><a href="https://www.amazon.com/dp/B0CXSXL1F2?tag=eloabder-20&linkCode=osi&th=1&psc=1"><img src="https://m.media-amazon.com/images/I/41H6cndt7iL._SL500_.jpg" alt="Product Image"></a><p>9 Pack Lined Sticky Notes 4x6 in Post Sticky Notes with Lines, 9 Bright Colors Self Sticky Notes Pad Its, Large Ruled Sticky Note for Office, Home, 35 Sheets/Pad</p><p> -33% 0FF </p><p>$7.99</p><a href="https://www.amazon.com/dp/B0CXSXL1F2?tag=eloabder-20&linkCode=osi&th=1&psc=1">View Product</a></div><div class="product"><a href="https://www.amazon.com/dp/B019QROV9S?tag=eloabder-20&linkCode=osi&th=1&psc=1"><img src="https://m.media-amazon.com/images/I/51OsStyntzL._SL500_.jpg" alt="Product Image"></a><p>Sharpie Clear View Highlighter Sticks, Chisel Tip, Assorted Fluorescent, 8 Count - School, Home, and Office Use, Teacher Supplies</p><p> -23% 0FF </p><p>$13.86</p><a href="https://www.amazon.com/dp/B019QROV9S?tag=eloabder-20&linkCode=osi&th=1&psc=1">View Product</a></div>
<div class="product"><a href="https://www.amazon.com/dp/B082PN4X5J?tag=eloabder-20&linkCode=osi&th=1&psc=1"><img src="https://m.media-amazon.com/images/I/51o+eA8g6nL._SL500_.jpg" alt="Product Image"></a><p>Sharpie S-Gel Gel Pens, Black Barrel, Medium Point (0.7mm), Black Gel Ink Pens, 12 Count - Home, Office, School, Journaling, Writing, Note-Taking, Teacher Supplies</p><p> -14% 0FF </p><p>$11.97</p><a href="https://www.amazon.com/dp/B082PN4X5J?tag=eloabder-20&linkCode=osi&th=1&psc=1">View Product</a></div><div class="product"><a href="https://www.amazon.com/dp/B0C9W8DD9S?tag=eloabder-20&linkCode=osi&th=1&psc=1"><img src="https://m.media-amazon.com/images/I/41mdSvEwNZL._SL500_.jpg" alt="Product Image"></a><p>Ddaowanx Gel Pens, 6 Pcs 0.5mm Quick Dry Black Ink Pens Fine Point Smooth Writing Pens, Cute Office School Supplies Gifts for Women</p><p> -10% 0FF </p><p>$8.99</p><a href="https://www.amazon.com/dp/B0C9W8DD9S?tag=eloabder-20&linkCode=osi&th=1&psc=1">View Product</a></div><div class="product"><a href="https://www.amazon.com/dp/B019QBOG3U?tag=eloabder-20&linkCode=osi&th=1&psc=1"><img src="https://m.media-amazon.com/images/I/416PjSebDoL._SL500_.jpg" alt="Product Image"></a><p>Paper Mate Colorful Gel Pens - InkJoy Gel Pens Assorted Medium Point (0.7). Perfect for Vibrant Colored Writing and Sketching with Paper Mate InkJoy 14 Count</p><p> -18% 0FF </p><p>$10.31</p><a href="https://www.amazon.com/dp/B019QBOG3U?tag=eloabder-20&linkCode=osi&th=1&psc=1">View Product</a></div><div class="product"><a href="https://www.amazon.com/dp/B0C73JDN4S?tag=eloabder-20&linkCode=osi&th=1&psc=1"><img src="https://m.media-amazon.com/images/I/51DJUUxL7HL._SL500_.jpg" alt="Product Image"></a><p>Linbsunne Ballpoint Pens Black Medium Point 1mm Pen with Super Soft Grip Ball Point Pen for Men Women Retractable Pens (gold-12 pcs)</p><p> -10% 0FF </p><p>$8.99</p><a href="https://www.amazon.com/dp/B0C73JDN4S?tag=eloabder-20&linkCode=osi&th=1&psc=1">View Product</a></div><div class="product"><a href="https://www.amazon.com/dp/B001OTA66O?tag=eloabder-20&linkCode=osi&th=1&psc=1"><img src="https://m.media-amazon.com/images/I/41yS5tBZQLL._SL500_.jpg" alt="Product Image"></a><p>BIC Glide Black Retractable Ballpoint Pens, Medium Point (1.0mm), 4-Count Pack, Ultra Smooth Writing Black Pens</p><p> -40% 0FF </p><p>$2.99</p><a href="https://www.amazon.com/dp/B001OTA66O?tag=eloabder-20&linkCode=osi&th=1&psc=1">View Product</a></div>
<div class="product"><a href="https://www.amazon.com/dp/B002HVXXCW?tag=eloabder-20&linkCode=osi&th=1&psc=1"><img src="https://m.media-amazon.com/images/I/41JeEedXCeL._SL500_.jpg" alt="Product Image"></a><p>Ticonderoga Wood-Cased Pencils, Pre-Sharpened, 2 HB Soft, Yellow, 10 Count</p><p> -58% 0FF </p><p>$2.49</p><a href="https://www.amazon.com/dp/B002HVXXCW?tag=eloabder-20&linkCode=osi&th=1&psc=1">View Product</a></div><div class="product"><a href="https://www.amazon.com/dp/B077Q4B6YN?tag=eloabder-20&linkCode=osi&th=1&psc=1"><img src="https://m.media-amazon.com/images/I/4160YcHGDNL._SL500_.jpg" alt="Product Image"></a><p>Paper Mate 2017483 Mechanical Pencils for Handwriting, Triangular, 5/PK, AST</p><p> -45% 0FF </p><p>$3.47</p><a href="https://www.amazon.com/dp/B077Q4B6YN?tag=eloabder-20&linkCode=osi&th=1&psc=1">View Product</a></div>
<div class="product"><a href="https://www.amazon.com/dp/B0D7YTZNRF?tag=eloabder-20&linkCode=osi&th=1&psc=1"><img src="https://m.media-amazon.com/images/I/41hSbSlNAmL._SL500_.jpg" alt="Product Image"></a><p>YASNAY Alcohol Markers, 48 Colors Dual Tip Art Marker, Drawing Markers, Coloring Marker for Kids Sketching Adult Coloring</p><p> -27% 0FF </p><p>$10.99</p><a href="https://www.amazon.com/dp/B0D7YTZNRF?tag=eloabder-20&linkCode=osi&th=1&psc=1">View Product</a></div><div class="product"><a href="https://www.amazon.com/dp/B07CJ8QXF8?tag=eloabder-20&linkCode=osi&th=1&psc=1"><img src="https://m.media-amazon.com/images/I/51bChi4-H4L._SL500_.jpg" alt="Product Image"></a><p>Dual Markers Brush Pens, 36 Fine Point Art Marker, Double Tip Colored Pen for Adult Coloring Hand Lettering, School Classroom Art Suppliers</p><p> -20% 0FF </p><p>$7.98</p><a href="https://www.amazon.com/dp/B07CJ8QXF8?tag=eloabder-20&linkCode=osi&th=1&psc=1">View Product</a></div><div class="product"><a href="https://www.amazon.com/dp/B071CP6X88?tag=eloabder-20&linkCode=osi&th=1&psc=1"><img src="https://m.media-amazon.com/images/I/41sNeEYkTNL._SL500_.jpg" alt="Product Image"></a><p>Crayola Super Tips Marker Set for Kids (100ct), Broad Tip & Fine Point Washable Art Markers for Kids, Bulk School Supplies, Teacher Classroom Must Haves, Drawing Supplies</p><p> -19% 0FF </p><p>$16.29</p><a href="https://www.amazon.com/dp/B071CP6X88?tag=eloabder-20&linkCode=osi&th=1&psc=1">View Product</a></div><div class="product"><a href="https://www.amazon.com/dp/B08MBFPFCQ?tag=eloabder-20&linkCode=osi&th=1&psc=1"><img src="https://m.media-amazon.com/images/I/51DaGL7Z4oL._SL500_.jpg" alt="Product Image"></a><p>Sharpie Permanent Markers Variety Pack, Includes Chisel, Fine, and Ultra-Fine Tips, Marker Set, Writing, Coloring, Poster, Office, School Supplies, Black, 6 Count</p><p> -19% 0FF </p><p>$4.63 ($0.77 / Count)</p><a href="https://www.amazon.com/dp/B08MBFPFCQ?tag=eloabder-20&linkCode=osi&th=1&psc=1">View Product</a></div>
<div class="product"><a href="https://www.amazon.com/dp/B09Y2KJ2KX?tag=eloabder-20&linkCode=osi&th=1&psc=1"><img src="https://m.media-amazon.com/images/I/41EhQr7suML._SL500_.jpg" alt="Product Image"></a><p>Sharpie Pocket Highlighters, Mild Pastel Colors, Assorted, Chisel Tip, 12 Count - School, Home, and Office Use, Teacher Supplies</p><p> -22% 0FF </p><p>$7.76 ($0.65 / Count)</p><a href="https://www.amazon.com/dp/B09Y2KJ2KX?tag=eloabder-20&linkCode=osi&th=1&psc=1">View Product</a></div><div class="product"><a href="https://www.amazon.com/dp/B08698MJWT?tag=eloabder-20&linkCode=osi&th=1&psc=1"><img src="https://m.media-amazon.com/images/I/512N7aYt5oL._SL500_.jpg" alt="Product Image"></a><p>Sharpie S-Note Creative Markers, Pastel Highlighters, Art Marker Set, Assorted Colors, Chisel Tip, 24 Count - School, Home, and Office Use, Teacher Supplies</p><p> -60% 0FF </p><p>$8.83</p><a href="https://www.amazon.com/dp/B08698MJWT?tag=eloabder-20&linkCode=osi&th=1&psc=1">View Product</a></div>
<div class="product"><a href="https://www.amazon.com/dp/B097DPQPYN?tag=eloabder-20&linkCode=osi&th=1&psc=1"><img src="https://m.media-amazon.com/images/I/51nFyQPtfkL._SL500_.jpg" alt="Product Image"></a><p>Sonuimy Pencil Sharpeners, 4 Pcs Pencil Sharpeners Manual,Dual Holes Compact Colored Handheld Pencil Sharpener for Kids with Lid Adults Students School Class Home Office (Covered)</p><p> -13% 0FF </p><p>$4.49</p><a href="https://www.amazon.com/dp/B097DPQPYN?tag=eloabder-20&linkCode=osi&th=1&psc=1">View Product</a></div><div class="product"><a href="https://www.amazon.com/dp/B000MFN1G8?tag=eloabder-20&linkCode=osi&th=1&psc=1"><img src="https://m.media-amazon.com/images/I/41JPflroUEL._SL500_.jpg" alt="Product Image"></a><p>Compact Desktop Electric Pencil Sharpener, Black, Sold as 1 Each</p><p> -21% 0FF </p><p>$15.89</p><a href="https://www.amazon.com/dp/B000MFN1G8?tag=eloabder-20&linkCode=osi&th=1&psc=1">View Product</a></div><div class="product"><a href="https://www.amazon.com/dp/B00125KXGI?tag=eloabder-20&linkCode=osi&th=1&psc=1"><img src="https://m.media-amazon.com/images/I/51avY0bZv6L._SL500_.jpg" alt="Product Image"></a><p>Bostitch Office Personal Electric Pencil Sharpener, Powerful Stall-Free Motor, High Capacity Shavings Tray, Blue</p><p> -13% 0FF </p><p>$17.48</p><a href="https://www.amazon.com/dp/B00125KXGI?tag=eloabder-20&linkCode=osi&th=1&psc=1">View Product</a></div><div class="product"><a href="https://www.amazon.com/dp/B078DZY9Z5?tag=eloabder-20&linkCode=osi&th=1&psc=1"><img src="https://m.media-amazon.com/images/I/41KbUFGrXfL._SL500_.jpg" alt="Product Image"></a><p>JARLINK Electric Pencil Sharpener, Heavy-Duty Helical Blade to Fast Sharpen, Auto Stop for No.2/Colored Pencils(6-8mm), AC Adapter/Battery Operated in School Classroom/Office/Home (Black)</p><p> -21% 0FF </p><p>$16.98</p><a href="https://www.amazon.com/dp/B078DZY9Z5?tag=eloabder-20&linkCode=osi&th=1&psc=1">View Product</a></div><div class="product"><a href="https://www.amazon.com/dp/B08DLXH86D?tag=eloabder-20&linkCode=osi&th=1&psc=1"><img src="https://m.media-amazon.com/images/I/41UghsnBycL._SL500_.jpg" alt="Product Image"></a><p>Aogwat Pencil Sharpener Electric Pencil Sharpener for Kids, Blade to Fast Sharpen, Suitable for No.2/School/Classroom/Office/Home (Black)</p><p> -23% 0FF </p><p>$9.99</p><a href="https://www.amazon.com/dp/B08DLXH86D?tag=eloabder-20&linkCode=osi&th=1&psc=1">View Product</a></div><div class="product"><a href="https://www.amazon.com/dp/B000GP0VIU?tag=eloabder-20&linkCode=osi&th=1&psc=1"><img src="https://m.media-amazon.com/images/I/318OKKSwzbL._SL500_.jpg" alt="Product Image"></a><p>Bostitch Office Wall Mount Manual Pencil Sharpener, Tip Saver, 8 Hole Dial, 6X Longer Cutter Life, Vertical or Horizontal Mounting Black (MPS1-BLK)</p><p> -9% 0FF </p><p>$13.18</p><a href="https://www.amazon.com/dp/B000GP0VIU?tag=eloabder-20&linkCode=osi&th=1&psc=1">View Product</a></div>
<div class="product"><a href="https://www.amazon.com/dp/B00094H4LU?tag=eloabder-20&linkCode=osi&th=1&psc=1"><img src="https://m.media-amazon.com/images/I/41f-fbZYU1L._SL500_.jpg" alt="Product Image"></a><p>Paper Mate Erasers | Pink Pearl Large Erasers 12 Count</p><p> -55% 0FF </p><p>$6.03</p><a href="https://www.amazon.com/dp/B00094H4LU?tag=eloabder-20&linkCode=osi&th=1&psc=1">View Product</a></div><div class="product"><a href="https://www.amazon.com/dp/B07DPVVMWB?tag=eloabder-20&linkCode=osi&th=1&psc=1"><img src="https://m.media-amazon.com/images/I/51wLlsENgiL._SL500_.jpg" alt="Product Image"></a><p>Mr. Pen Erasers for Pencils, 120 Pack, Pencil Top Erasers, Eraser Caps, Cap Tops, Topper Erasers. Ereaser</p><p> -24% 0FF </p><p>$5.95</p><a href="https://www.amazon.com/dp/B07DPVVMWB?tag=eloabder-20&linkCode=osi&th=1&psc=1">View Product</a></div><div class="product"><a href="https://www.amazon.com/dp/B07144DC8V?tag=eloabder-20&linkCode=osi&th=1&psc=1"><img src="https://m.media-amazon.com/images/I/51Ed1+HW9cL._SL500_.jpg" alt="Product Image"></a><p>Pentel Hi-Polymer Block Eraser, White, 10/Box (ZEH10PC10)</p><p> -44% 0FF </p><p>$9.99</p><a href="https://www.amazon.com/dp/B07144DC8V?tag=eloabder-20&linkCode=osi&th=1&psc=1">View Product</a></div><div class="product"><a href="https://www.amazon.com/dp/B0047CT6SE?tag=eloabder-20&linkCode=osi&th=1&psc=1"><img src="https://m.media-amazon.com/images/I/41bhWXKeeiL._SL500_.jpg" alt="Product Image"></a><p>Pentel Clic Retractable Eraser with Grip, 3 Pack</p><p> -29% 0FF </p><p>$4.77</p><a href="https://www.amazon.com/dp/B0047CT6SE?tag=eloabder-20&linkCode=osi&th=1&psc=1">View Product</a></div>
<div class="product"><a href="https://www.amazon.com/dp/B09S9X3HV7?tag=eloabder-20&linkCode=osi&th=1&psc=1"><img src="https://m.media-amazon.com/images/I/51GgMyfl5VL._SL500_.jpg" alt="Product Image"></a><p>Color Transparent Ruler Plastic Rulers - Ruler 12 inch, Kids Ruler for School, Ruler with Centimeters, Millimeter and Inches, Assorted Colors, Clear Rulers, 7 Pack School Rulers</p><p> -16% 0FF </p><p>$5.99</p><a href="https://www.amazon.com/dp/B09S9X3HV7?tag=eloabder-20&linkCode=osi&th=1&psc=1">View Product</a></div><div class="product"><a href="https://www.amazon.com/dp/B06XK9VQM4?tag=eloabder-20&linkCode=osi&th=1&psc=1"><img src="https://m.media-amazon.com/images/I/51Glln3n-nL._SL500_.jpg" alt="Product Image"></a><p>Outus 12 Pack Wood Ruler Bulk for Students Wooden School Rulers Gifts Office Classroom Measuring, 2 Scale, 12 Inch and 30 cm</p><p> -6% 0FF </p><p>$7.99</p><a href="https://www.amazon.com/dp/B06XK9VQM4?tag=eloabder-20&linkCode=osi&th=1&psc=1">View Product</a></div><div class="product"><a href="https://www.amazon.com/dp/B0B5MLTG7J?tag=eloabder-20&linkCode=osi&th=1&psc=1"><img src="https://m.media-amazon.com/images/I/51z9LUxLKmL._SL500_.jpg" alt="Product Image"></a><p>DAGONGREN 30 Pack Clear Plastic Rulers 12 Inch,Transparent Assorted Color Metric Bulk Rulers with Inches and Centimeters,Kids Ruler for School,Home,Office</p><p> -9% 0FF </p><p>$9.99</p><a href="https://www.amazon.com/dp/B0B5MLTG7J?tag=eloabder-20&linkCode=osi&th=1&psc=1">View Product</a></div><div class="product"><a href="https://www.amazon.com/dp/B096MPPF53?tag=eloabder-20&linkCode=osi&th=1&psc=1"><img src="https://m.media-amazon.com/images/I/51qUpElDRcS._SL500_.jpg" alt="Product Image"></a><p>Tenare 1 Set Plastic Clear Math Set Includes Protractor Triangle Rulers 12 Inch 6 Inch Straight Geometry Math Transparent Ruler Measuring Tool for School Office Home Supplies(Clear)</p><p> -25% 0FF </p><p>$5.98</p><a href="https://www.amazon.com/dp/B096MPPF53?tag=eloabder-20&linkCode=osi&th=1&psc=1">View Product</a></div>
<div class="product"><a href="https://www.amazon.com/dp/B07YDDX4JL?tag=eloabder-20&linkCode=osi&th=1&psc=1"><img src="https://m.media-amazon.com/images/I/41oBPZwCRLL._SL500_.jpg" alt="Product Image"></a><p>3-Pack 8" Heavy Duty Scissors with Ultra Sharp Blades and Comfort Grip Handles - For Office, Home, School, Sewing, and Crafts</p><p> -15% 0FF </p><p>$8.49 ($2.83 / Count)</p><a href="https://www.amazon.com/dp/B07YDDX4JL?tag=eloabder-20&linkCode=osi&th=1&psc=1">View Product</a></div><div class="product"><a href="https://www.amazon.com/dp/B01BRGU8R0?tag=eloabder-20&linkCode=osi&th=1&psc=1"><img src="https://m.media-amazon.com/images/I/41ANVra+eNL._SL500_.jpg" alt="Product Image"></a><p>Amazon Basics Stainless Steel Scissors for Office, Crafts, Multipurpose, Sharp, Comfort Grip, PVD Coated, 3 Pack, Multicolor</p><p> -45% 0FF </p><p>$7.55</p><a href="https://www.amazon.com/dp/B01BRGU8R0?tag=eloabder-20&linkCode=osi&th=1&psc=1">View Product</a></div><div class="product"><a href="https://www.amazon.com/dp/B000P0LNRE?tag=eloabder-20&linkCode=osi&th=1&psc=1"><img src="https://m.media-amazon.com/images/I/41fWgMTO0JL._SL500_.jpg" alt="Product Image"></a><p>Westcott 8-Inch Titanium-Bonded Scissors with Adjustable Glide Feature for Office and Home - Gray/Yellow, 2-Pack</p><p> -33% 0FF </p><p>$9.97</p><a href="https://www.amazon.com/dp/B000P0LNRE?tag=eloabder-20&linkCode=osi&th=1&psc=1">View Product</a></div>
<div class="product"><a href="https://www.amazon.com/dp/B074ZRZ4CZ?tag=eloabder-20&linkCode=osi&th=1&psc=1"><img src="https://m.media-amazon.com/images/I/41bu+HKxC2L._SL500_.jpg" alt="Product Image"></a><p>Swingline Commercial Stapler, 20 Sheet Capacity, Jam Free, Metal, 2 Pack, Black (44401AZ)</p><p> -5% 0FF </p><p>$18.98</p><a href="https://www.amazon.com/dp/B074ZRZ4CZ?tag=eloabder-20&linkCode=osi&th=1&psc=1">View Product</a></div><div class="product"><a href="https://www.amazon.com/dp/B001PME62K?tag=eloabder-20&linkCode=osi&th=1&psc=1"><img src="https://m.media-amazon.com/images/I/41gbaJu-3iL._SL500_.jpg" alt="Product Image"></a><p>Swingline Stapler, 40 Sheet Capacity, Optima 40, Jam Free, Reduced Effort, Soft Grip, Metal, Orange and Gray (87845)</p><p> -14% 0FF </p><p>$24.19</p><a href="https://www.amazon.com/dp/B001PME62K?tag=eloabder-20&linkCode=osi&th=1&psc=1">View Product</a></div><div class="product"><a href="https://www.amazon.com/dp/B0D2JBKYM1?tag=eloabder-20&linkCode=osi&th=1&psc=1"><img src="https://m.media-amazon.com/images/I/41zFTU9QpfL._SL500_.jpg" alt="Product Image"></a><p>Bostitch Office Stapler, No-Jam Premium for Desktop, Includes 1,250 Staples, Full-Strip, 25 Sheet Capacity, Black</p><p> -26% 0FF </p><p>$6.99</p><a href="https://www.amazon.com/dp/B0D2JBKYM1?tag=eloabder-20&linkCode=osi&th=1&psc=1">View Product</a></div><div class="product"><a href="https://www.amazon.com/dp/B0CC5GJKM1?tag=eloabder-20&linkCode=osi&th=1&psc=1"><img src="https://m.media-amazon.com/images/I/41JDDoSZQiL._SL500_.jpg" alt="Product Image"></a><p>Metal Stapler Heavy Duty 50 Sheet Capacity with 1750 Staples and Staple Remover, Full Strip Staplers for Desk, No Jam, Non-Slip for Office & Classroom, Black</p><p> -33% 0FF </p><p>$13.29</p><a href="https://www.amazon.com/dp/B0CC5GJKM1?tag=eloabder-20&linkCode=osi&th=1&psc=1">View Product</a></div><div class="product"><a href="https://www.amazon.com/dp/B0006HUQZ6?tag=eloabder-20&linkCode=osi&th=1&psc=1"><img src="https://m.media-amazon.com/images/I/31e-T-f1TGL._SL500_.jpg" alt="Product Image"></a><p>Swingline Stapler, 30 Sheet Capacity, 747 Business Stapler, Jam Free, Metal, Rio Red (74736)</p><p> -23% 0FF </p><p>$15.30</p><a href="https://www.amazon.com/dp/B0006HUQZ6?tag=eloabder-20&linkCode=osi&th=1&psc=1">View Product</a></div>
<div class="product"><a href="https://www.amazon.com/dp/B00J8PJJF0?tag=eloabder-20&linkCode=osi&th=1&psc=1"><img src="https://m.media-amazon.com/images/I/418dc+5ZGkL._SL500_.jpg" alt="Product Image"></a><p>Bostitch Office Premium Standard Staples, 1/4" Full Strip, Box of 5,000 Staples</p><p> -27% 0FF </p><p>$4.39</p><a href="https://www.amazon.com/dp/B00J8PJJF0?tag=eloabder-20&linkCode=osi&th=1&psc=1">View Product</a></div><div class="product"><a href="https://www.amazon.com/dp/B079VYR12V?tag=eloabder-20&linkCode=osi&th=1&psc=1"><img src="https://m.media-amazon.com/images/I/51xAt88vqrL._SL500_.jpg" alt="Product Image"></a><p>Officemate Standard Staples, 10 Boxes General Purpose Staple (91950)</p><p> -10% 0FF </p><p>$14.37</p><a href="https://www.amazon.com/dp/B079VYR12V?tag=eloabder-20&linkCode=osi&th=1&psc=1">View Product</a></div><div class="product"><a href="https://www.amazon.com/dp/B00006IFMQ?tag=eloabder-20&linkCode=osi&th=1&psc=1"><img src="https://m.media-amazon.com/images/I/51UsWZuFq8L._SL500_.jpg" alt="Product Image"></a><p>Bostitch Office B8 PowerCrown 0.25 Inch Staples, Pack of 5,000 Staples (STCRP21151/4), Silver</p><p> -30% 0FF </p><p>$2.33</p><a href="https://www.amazon.com/dp/B00006IFMQ?tag=eloabder-20&linkCode=osi&th=1&psc=1">View Product</a></div>
<div class="product"><a href="https://www.amazon.com/dp/B000J07BRQ?tag=eloabder-20&linkCode=osi&th=1&psc=1"><img src="https://m.media-amazon.com/images/I/51QpJKjajbL._SL500_.jpg" alt="Product Image"></a><p>Scotch Heavy Duty Shipping Packing Tape, Clear, Packing Tape for Moving Boxes and Packaging Supplies, 1.88 in. x 22.2 yd., 6 Roll Dispensers, Moving Supplies</p><p> -35% 0FF </p><p>$12.99</p><a href="https://www.amazon.com/dp/B000J07BRQ?tag=eloabder-20&linkCode=osi&th=1&psc=1">View Product</a></div><div class="product"><a href="https://www.amazon.com/dp/B0000DH8HQ?tag=eloabder-20&linkCode=osi&th=1&psc=1"><img src="https://m.media-amazon.com/images/I/414lAY+087L._SL500_.jpg" alt="Product Image"></a><p>Scotch Magic Tape, Invisible Transparent Tape, 6 Tape Rolls with Dispensers, 3/4 in x 650 in</p><p> -23% 0FF </p><p>$12.34</p><a href="https://www.amazon.com/dp/B0000DH8HQ?tag=eloabder-20&linkCode=osi&th=1&psc=1">View Product</a></div><div class="product"><a href="https://www.amazon.com/dp/B0DQHV6X92?tag=eloabder-20&linkCode=osi&th=1&psc=1"><img src="https://m.media-amazon.com/images/I/51ViCFlgldL._SL500_.jpg" alt="Product Image"></a><p>BeataTap Tape, Invisible Tape, 6 Rolls + 6 Refillable Dispensers, Matte Finish, Writable, 3/4″ x 650″, Transparent Tape, Clear Tape for Gift Wrapping Paper, School Supplies</p><p> -15% 0FF </p><p>$5.94 ($0.99 / Count)</p><a href="https://www.amazon.com/dp/B0DQHV6X92?tag=eloabder-20&linkCode=osi&th=1&psc=1">View Product</a></div><div class="product"><a href="https://www.amazon.com/dp/B07CB6LN5S?tag=eloabder-20&linkCode=osi&th=1&psc=1"><img src="https://m.media-amazon.com/images/I/41NNyeISnjL._SL500_.jpg" alt="Product Image"></a><p>Scotch Super-Hold Tape, 2 Rolls, Transparent Finish, 50% More Adhesive, Trusted Favorite, 3/4 x 600 Inches, Dispensered (198DM-2)</p><p> -30% 0FF </p><p>$5.97</p><a href="https://www.amazon.com/dp/B07CB6LN5S?tag=eloabder-20&linkCode=osi&th=1&psc=1">View Product</a></div><div class="product"><a href="https://www.amazon.com/dp/B00464740A?tag=eloabder-20&linkCode=osi&th=1&psc=1"><img src="https://m.media-amazon.com/images/I/51ZPFoiGfuL._SL500_.jpg" alt="Product Image"></a><p>Scotch Sure Start Shipping Packaging Tape, 1.88" x 22.2 yd, Designed for Packing, Shipping and Mailing, Quiet Unwind, No Splitting or Tearing, 1.5" Core, Clear, 6 Dispensered Rolls (145-6)</p><p> -28% 0FF </p><p>$13.48</p><a href="https://www.amazon.com/dp/B00464740A?tag=eloabder-20&linkCode=osi&th=1&psc=1">View Product</a></div><div class="product"><a href="https://www.amazon.com/dp/B09C6LLG9P?tag=eloabder-20&linkCode=osi&th=1&psc=1"><img src="https://m.media-amazon.com/images/I/41rbv66ZNBL._SL500_.jpg" alt="Product Image"></a><p>Scotch Box Lock Packaging Tape, 1 Roll with Dispenser, 1.88 in x 1000 in, Extreme Grip, Sticks Instantly to Any Box (195L)</p><p> -31% 0FF </p><p>$4.12</p><a href="https://www.amazon.com/dp/B09C6LLG9P?tag=eloabder-20&linkCode=osi&th=1&psc=1">View Product</a></div>
<div class="product"><a href="https://www.amazon.com/dp/B08QQZ71CV?tag=eloabder-20&linkCode=osi&th=1&psc=1"><img src="https://m.media-amazon.com/images/I/51Foz0aGYoS._SL500_.jpg" alt="Product Image"></a><p>Gorilla Super Glue, Clear Glue, Four 3 Gram Tubes (Pack of 1) - All Purpose and Fast Setting for Projects and Repairs</p><p> -25% 0FF </p><p>$9.49 ($22.60 / Ounce)</p><a href="https://www.amazon.com/dp/B08QQZ71CV?tag=eloabder-20&linkCode=osi&th=1&psc=1">View Product</a></div><div class="product"><a href="https://www.amazon.com/dp/B07J6R3GK7?tag=eloabder-20&linkCode=osi&th=1&psc=1"><img src="https://m.media-amazon.com/images/I/31kdOjGBkpL._SL500_.jpg" alt="Product Image"></a><p>Amazon Basics All Purpose Washable School Clear Liquid Glue - Great for Making Slime, 128 fl oz</p><p> -6% 0FF </p><p>$16.13</p><a href="https://www.amazon.com/dp/B07J6R3GK7?tag=eloabder-20&linkCode=osi&th=1&psc=1">View Product</a></div><div class="product"><a href="https://www.amazon.com/dp/B00178QQJ8?tag=eloabder-20&linkCode=osi&th=1&psc=1"><img src="https://m.media-amazon.com/images/I/41zs6k410RL._SL500_.jpg" alt="Product Image"></a><p>Mod Podge Gloss Sealer, Glue & Finish: All-in-One Craft Solution- Quick Dry, Easy Clean, for Wood, Paper, Fabric & More. Non-Toxic - Craft with Confidence, Made in USA, 16 oz., Pack of 1</p><p> -36% 0FF </p><p>$7.99 ($0.50 / Fl Oz)</p><a href="https://www.amazon.com/dp/B00178QQJ8?tag=eloabder-20&linkCode=osi&th=1&psc=1">View Product</a></div><div class="product"><a href="https://www.amazon.com/dp/B073V14DZJ?tag=eloabder-20&linkCode=osi&th=1&psc=1"><img src="https://m.media-amazon.com/images/I/31Iyy5+vk6L._SL500_.jpg" alt="Product Image"></a><p>Amazon Basics All Purpose Washable School Craft Liquid Glue for Making Slime, White, Single Pack, 1 Gallon</p><p> -7% 0FF </p><p>$15.54</p><a href="https://www.amazon.com/dp/B073V14DZJ?tag=eloabder-20&linkCode=osi&th=1&psc=1">View Product</a></div><div class="product"><a href="https://www.amazon.com/dp/B0006HUJCQ?tag=eloabder-20&linkCode=osi&th=1&psc=1"><img src="https://m.media-amazon.com/images/I/511pTqChTCL._SL500_.jpg" alt="Product Image"></a><p>Loctite Super Glue Gel Control, Clear, 0.14 fl oz Bottle, 1 Pack - Superglue for Plastic, Wood, Metal, Crafts & Repair, Cyanoacrylate Adhesive Instant Glue, Quick Dry</p><p> -13% 0FF </p><p>$3.64 ($26.00 / Fl Oz)</p><a href="https://www.amazon.com/dp/B0006HUJCQ?tag=eloabder-20&linkCode=osi&th=1&psc=1">View Product</a></div>
<div class="product"><a href="https://www.amazon.com/dp/B074XTRX7K?tag=eloabder-20&linkCode=osi&th=1&psc=1"><img src="https://m.media-amazon.com/images/I/31rOPIrMfDL._SL500_.jpg" alt="Product Image"></a><p>Amazon Basics Sturdy Binder Clips for Office Use, 96 Count (8 Pack of 12), Medium, 1.25 in, Black</p><p> -26% 0FF </p><p>$7.48</p><a href="https://www.amazon.com/dp/B074XTRX7K?tag=eloabder-20&linkCode=osi&th=1&psc=1">View Product</a></div><div class="product"><a href="https://www.amazon.com/dp/B00TQ8FDB8?tag=eloabder-20&linkCode=osi&th=1&psc=1"><img src="https://m.media-amazon.com/images/I/51y7lUrMLnL._SL500_.jpg" alt="Product Image"></a><p>ACCO Binder Clips, Medium, Black, 12 per Box, 2 Boxes (72062)</p><p> -25% 0FF </p><p>$5.96</p><a href="https://www.amazon.com/dp/B00TQ8FDB8?tag=eloabder-20&linkCode=osi&th=1&psc=1">View Product</a></div><div class="product"><a href="https://www.amazon.com/dp/B08KWCDP3C?tag=eloabder-20&linkCode=osi&th=1&psc=1"><img src="https://m.media-amazon.com/images/I/41qucDz6HuL._SL500_.jpg" alt="Product Image"></a><p>Ufmarine Medium Binder Clips 1.25 inch Length, (40 Pcs) Colorful Paper Clips Medium for Office</p><p> -12% 0FF </p><p>$5.99</p><a href="https://www.amazon.com/dp/B08KWCDP3C?tag=eloabder-20&linkCode=osi&th=1&psc=1">View Product</a></div>

<div class="product"><a href="https://www.amazon.com/dp/B0033J6V3A?tag=eloabder-20&linkCode=osi&th=1&psc=1"><img src="https://m.media-amazon.com/images/I/21o5ASbichL._SL500_.jpg" alt="Product Image"></a><p>NuSparc 2 Drawer Locking Filing Cabinet | Pre-Assembled Steel Construction | Space-Saving Design is Perfect for Home and Small Office | Letter-Size | Assembled in North America</p><p> -14% 0FF </p><p>$76.99</p><a href="https://www.amazon.com/dp/B0033J6V3A?tag=eloabder-20&linkCode=osi&th=1&psc=1">View Product</a></div><div class="product"><a href="https://www.amazon.com/dp/B0D9XYD75W?tag=eloabder-20&linkCode=osi&th=1&psc=1"><img src="https://m.media-amazon.com/images/I/31VM3xK++PL._SL500_.jpg" alt="Product Image"></a><p>BYNSOE 2 Drawer File Cabinet with Lock Vertical Filing Storage Cabinet Office Home Steel Vertical File Cabinets for Letter Size File Cabinet Locked,Assembly Required</p><p> -8% 0FF </p><p>$54.99</p><a href="https://www.amazon.com/dp/B0D9XYD75W?tag=eloabder-20&linkCode=osi&th=1&psc=1">View Product</a></div><div class="product"><a href="https://www.amazon.com/dp/B0989HLF81?tag=eloabder-20&linkCode=osi&th=1&psc=1"><img src="https://m.media-amazon.com/images/I/51vzgnkbcjL._SL500_.jpg" alt="Product Image"></a><p>DEVAISE 3 Drawer Mobile File Cabinet, Wood Lateral Filing Cabinet, Printer Stand with Open Shelves for Home Office, Rustic Brown</p><p> -21% 0FF </p><p>$74.99</p><a href="https://www.amazon.com/dp/B0989HLF81?tag=eloabder-20&linkCode=osi&th=1&psc=1">View Product</a></div>
<div class="product"><a href="https://www.amazon.com/dp/B00006RSQD?tag=eloabder-20&linkCode=osi&th=1&psc=1"><img src="https://m.media-amazon.com/images/I/315rez3KpeL._SL500_.jpg" alt="Product Image"></a><p>Bush Business Furniture Series C 36W Tall 5 Shelf Bookcase in Hansen Cherry, Large Storage and Display Bookshelf for Home or Professional Office</p><p> -8% 0FF </p><p>$239.49</p><a href="https://www.amazon.com/dp/B00006RSQD?tag=eloabder-20&linkCode=osi&th=1&psc=1">View Product</a></div>
<div class="product"><a href="https://www.amazon.com/dp/B09F6JPYSY?tag=eloabder-20&linkCode=osi&th=1&psc=1"><img src="https://m.media-amazon.com/images/I/51fGLH7lhHL._SL500_.jpg" alt="Product Image"></a><p>SPACELEAD Slim Storage Cart 3 Tier,Bathroom Organizer Rolling Utility,Mobile Shelving Unit Slide Out for Office, Kitchen, Laundry Room & Narrow Places,Black</p><p> -30% 0FF </p><p>$20.99</p><a href="https://www.amazon.com/dp/B09F6JPYSY?tag=eloabder-20&linkCode=osi&th=1&psc=1">View Product</a></div><div class="product"><a href="https://www.amazon.com/dp/B08KFTVGQY?tag=eloabder-20&linkCode=osi&th=1&psc=1"><img src="https://m.media-amazon.com/images/I/51BjUEmGaiL._SL500_.jpg" alt="Product Image"></a><p>SONGMICS Cube Storage Organizer, Set of 16 Plastic Cubes, Closet Organizers and Storage, Room Organization, Bedroom Living Room, 12.2 x 48.4 x 48.4 Inches, Rustic Brown ULPC442A01</p><p> -15% 0FF </p><p>$46.99</p><a href="https://www.amazon.com/dp/B08KFTVGQY?tag=eloabder-20&linkCode=osi&th=1&psc=1">View Product</a></div><div class="product"><a href="https://www.amazon.com/dp/B0DG359YX5?tag=eloabder-20&linkCode=osi&th=1&psc=1"><img src="https://m.media-amazon.com/images/I/41OBXL4HJdL._SL500_.jpg" alt="Product Image"></a><p>VIVO Clamp-on 13 inch Above or Below Desk 2-Tier Shelving Unit for Table Accessories, Gaming Devices, and More, Storage Tray, Desktop Organizer, Rustic Vintage Brown, STAND-SHELF2C-N</p><p> -20% 0FF </p><p>$39.99</p><a href="https://www.amazon.com/dp/B0DG359YX5?tag=eloabder-20&linkCode=osi&th=1&psc=1">View Product</a></div><div class="product"><a href="https://www.amazon.com/dp/B0D7S5GGP6?tag=eloabder-20&linkCode=osi&th=1&psc=1"><img src="https://m.media-amazon.com/images/I/51EriWG2BLL._SL500_.jpg" alt="Product Image"></a><p>C&AHOME Wire Cube Storage, 9 - Cube Organizer Metal C Grids, Modular Shelves Units, Closet Organizer, Ideal for Home, Office, Living Room, 36.6”L x 12.4”W x 48.4”H, Silver Gray UWCS3009G</p><p> -33% 0FF </p><p>$28.87</p><a href="https://www.amazon.com/dp/B0D7S5GGP6?tag=eloabder-20&linkCode=osi&th=1&psc=1">View Product</a></div>
<div class="product"><a href="https://www.amazon.com/dp/B0B1M6ML2J?tag=eloabder-20&linkCode=osi&th=1&psc=1"><img src="https://m.media-amazon.com/images/I/51pX2Qo38JL._SL500_.jpg" alt="Product Image"></a><p>WOWBOX 25 PCS Clear Plastic Drawer Organizer Set, 4 Sizes Desk Drawer Divider Organizers and Storage Bins for Makeup, Jewelry, Gadgets for Kitchen, Bedroom, Bathroom, Office</p><p> -35% 0FF </p><p>$16.13 ($0.65 / Count)</p><a href="https://www.amazon.com/dp/B0B1M6ML2J?tag=eloabder-20&linkCode=osi&th=1&psc=1">View Product</a></div><div class="product"><a href="https://www.amazon.com/dp/B0DB8F7GDN?tag=eloabder-20&linkCode=osi&th=1&psc=1"><img src="https://m.media-amazon.com/images/I/51iOtKHzvCL._SL500_.jpg" alt="Product Image"></a><p>OPNICE Desk Organizer and Accessories, 2-Tier Computer Monitor Stand Riser with Drawer and 2 Pen Holders, Laptop Stand, Office Desk Accessories for Office Supplies, Black</p><p> -27% 0FF </p><p>$21.99</p><a href="https://www.amazon.com/dp/B0DB8F7GDN?tag=eloabder-20&linkCode=osi&th=1&psc=1">View Product</a></div><div class="product"><a href="https://www.amazon.com/dp/B0FQ86P4M3?tag=eloabder-20&linkCode=osi&th=1&psc=1"><img src="https://m.media-amazon.com/images/I/41ZDdyGnPxL._SL500_.jpg" alt="Product Image"></a><p>Mind Reader 2-Tier Desk Organizer with Clamp, Accessory Shelf for Office or Gaming, Office, Metal, White</p><p> -5% 0FF </p><p>$37.99</p><a href="https://www.amazon.com/dp/B0FQ86P4M3?tag=eloabder-20&linkCode=osi&th=1&psc=1">View Product</a></div><div class="product"><a href="https://www.amazon.com/dp/B0BYDGF8DT?tag=eloabder-20&linkCode=osi&th=1&psc=1"><img src="https://m.media-amazon.com/images/I/51sE2GzgVNL._SL500_.jpg" alt="Product Image"></a><p>OPNICE Desk Organizer and Accessories, 4-Tier Desktop File Organizer with Drawer and 2 Pen Holders, Office Desk Accessories, Workspace Organizers for Office Supplies(Black)</p><p> -33% 0FF </p><p>$19.99</p><a href="https://www.amazon.com/dp/B0BYDGF8DT?tag=eloabder-20&linkCode=osi&th=1&psc=1">View Product</a></div><div class="product"><a href="https://www.amazon.com/dp/B0DJKSMV2T?tag=eloabder-20&linkCode=osi&th=1&psc=1"><img src="https://m.media-amazon.com/images/I/41gO3CCIg1L._SL500_.jpg" alt="Product Image"></a><p>gianotter Dual Monitor Stand Riser, Desk Organizer With Drawer and 2 Pen Holders, Computer Monitor Stand, Shelf for Top of Desk, Black</p><p> -28% 0FF </p><p>$25.99</p><a href="https://www.amazon.com/dp/B0DJKSMV2T?tag=eloabder-20&linkCode=osi&th=1&psc=1">View Product</a></div><div class="product"><a href="https://www.amazon.com/dp/B0BWTT3WK1?tag=eloabder-20&linkCode=osi&th=1&psc=1"><img src="https://m.media-amazon.com/images/I/51JTe2SjicL._SL500_.jpg" alt="Product Image"></a><p>gianotter Desk Organizers and Accessories with File Holder, 4-Tier Desk Accessories & Workspace Organizers with Drawer and 2 Pen Holder, Paper Organizer for Office Supplies (Rose Gold)</p><p> -27% 0FF </p><p>$23.99</p><a href="https://www.amazon.com/dp/B0BWTT3WK1?tag=eloabder-20&linkCode=osi&th=1&psc=1">View Product</a></div><div class="product"><a href="https://www.amazon.com/dp/B09QKDY1YY?tag=eloabder-20&linkCode=osi&th=1&psc=1"><img src="https://m.media-amazon.com/images/I/519UVM73B6L._SL500_.jpg" alt="Product Image"></a><p>Supeasy 5 Trays Paper Organizer Letter Tray with Handle-Mesh Desk File Organizer, Paper Sorter Desk Organizer for Office, Home or School</p><p> -17% 0FF </p><p>$19.99</p><a href="https://www.amazon.com/dp/B09QKDY1YY?tag=eloabder-20&linkCode=osi&th=1&psc=1">View Product</a></div><div class="product"><a href="https://www.amazon.com/dp/B08PBFKGJG?tag=eloabder-20&linkCode=osi&th=1&psc=1"><img src="https://m.media-amazon.com/images/I/61WfW0WLsqL._SL500_.jpg" alt="Product Image"></a><p>Marbrasse 6 Tier Paper Organizer Letter Tray - Mesh Desk File Organizer with Handle, Paper Sorter Organizer for Letter/A4 Office File Folder Holder - Black</p><p> -23% 0FF </p><p>$19.98</p><a href="https://www.amazon.com/dp/B08PBFKGJG?tag=eloabder-20&linkCode=osi&th=1&psc=1">View Product</a></div><div class="product"><a href="https://www.amazon.com/dp/B09K5927B5?tag=eloabder-20&linkCode=osi&th=1&psc=1"><img src="https://m.media-amazon.com/images/I/51u5tZ4jR6L._SL500_.jpg" alt="Product Image"></a><p>Marbrasse Desk Organizer with File Holder, 5-Tier Paper Letter Tray Organizer with Drawer and 2 Pen Holder, Mesh Desktop Organizer and Storage with Magazine Holder for Office Supplies(Black)</p><p> -24% 0FF </p><p>$33.99</p><a href="https://www.amazon.com/dp/B09K5927B5?tag=eloabder-20&linkCode=osi&th=1&psc=1">View Product</a></div>
<div class="product"><a href="https://www.amazon.com/dp/B0CNXF7SVS?tag=eloabder-20&linkCode=osi&th=1&psc=1"><img src="https://m.media-amazon.com/images/I/51a6EswyTZL._SL500_.jpg" alt="Product Image"></a><p>Manalete Drawer Organizers Set of 15, 4 Sizes Clear Plastic Drawer Organizers and Storage Bins for Kitchen, Bathroom, Office, Dresser Desk Drawer Organizer Tray for Jewelry, Makeup, Junk, Gadgets</p><p> -29% 0FF </p><p>$9.99</p><a href="https://www.amazon.com/dp/B0CNXF7SVS?tag=eloabder-20&linkCode=osi&th=1&psc=1">View Product</a></div><div class="product"><a href="https://www.amazon.com/dp/B0CCY5X6SS?tag=eloabder-20&linkCode=osi&th=1&psc=1"><img src="https://m.media-amazon.com/images/I/41Iye-vPXJL._SL500_.jpg" alt="Product Image"></a><p>Bamboo Drawer Organizer Set, 5 PCS Multi-Use Individual Wood Storage Organizers, Junk Drawer Divider and Storage Trays Containers for Kitchen, Bathroom, Office Desk, Makeup, Jewelry, Utensils</p><p> -20% 0FF </p><p>$19.99 ($4.00 / Count)</p><a href="https://www.amazon.com/dp/B0CCY5X6SS?tag=eloabder-20&linkCode=osi&th=1&psc=1">View Product</a></div><div class="product"><a href="https://www.amazon.com/dp/B0CCDJQ7MM?tag=eloabder-20&linkCode=osi&th=1&psc=1"><img src="https://m.media-amazon.com/images/I/51kU0WJxdsL._SL500_.jpg" alt="Product Image"></a><p>Marbrasse Expandable Desk Drawer Organizer, Mesh Drawer Organizer Tray with 10 Adjustable Compartments, Desk Organizers and Accessories, 5 Dividers Drawer for Office Supplies, Makeup & Vanity (Black)</p><p> -15% 0FF </p><p>$17.84</p><a href="https://www.amazon.com/dp/B0CCDJQ7MM?tag=eloabder-20&linkCode=osi&th=1&psc=1">View Product</a></div><div class="product"><a href="https://www.amazon.com/dp/B0DM27MBZN?tag=eloabder-20&linkCode=osi&th=1&psc=1"><img src="https://m.media-amazon.com/images/I/41hAfSMnrZL._SL500_.jpg" alt="Product Image"></a><p>ElegantArray 12 PCS Drawer Organizer Set, 4 Sizes Storage Drawer Units, Clear Plastic Makeup Vanity Organizer and Storage Bins for Makeup, Stationeries, Multiple Gadgets for Bathroom, Office, Bedroom</p><p> -31% 0FF </p><p>$8.99</p><a href="https://www.amazon.com/dp/B0DM27MBZN?tag=eloabder-20&linkCode=osi&th=1&psc=1">View Product</a></div>
<div class="product"><a href="https://www.amazon.com/dp/B0C4T42TPC?tag=eloabder-20&linkCode=osi&th=1&psc=1"><img src="https://m.media-amazon.com/images/I/318IsyAsPXL._SL500_.jpg" alt="Product Image"></a><p>Adjustable Mobile CPU Stand, Ventilated Computer Tower Stand with 4 Caster Wheels Fits Most PC Tower, Under Desk CPU Holder PC Floor Cart Computer Riser for Gamers and Students (Black)</p><p> -21% 0FF </p><p>$14.21</p><a href="https://www.amazon.com/dp/B0C4T42TPC?tag=eloabder-20&linkCode=osi&th=1&psc=1">View Product</a></div><div class="product"><a href="https://www.amazon.com/dp/B094QTGHNZ?tag=eloabder-20&linkCode=osi&th=1&psc=1"><img src="https://m.media-amazon.com/images/I/31VzBQ+jwWL._SL500_.jpg" alt="Product Image"></a><p>WALI Computer Monitor Stand for Desk, Adjustable Laptop Riser, Desk Monitor Stand Underneath Storage for Office, Home, School Supplies (STT003), 1 Pack, Black</p><p> -32% 0FF </p><p>$16.99</p><a href="https://www.amazon.com/dp/B094QTGHNZ?tag=eloabder-20&linkCode=osi&th=1&psc=1">View Product</a></div><div class="product"><a href="https://www.amazon.com/dp/B07H4DMLVH?tag=eloabder-20&linkCode=osi&th=1&psc=1"><img src="https://m.media-amazon.com/images/I/31eTfKhpSWL._SL500_.jpg" alt="Product Image"></a><p>HUANUO Monitor Stand, Monitor Stand Riser 3 Height Adjustable, Monitor Riser with Airflow Vents, Laptop Stand for Desk, Laptop Riser, Desk Organizer for Monitor, 15.6" Laptop, PC, Printer</p><p> -11% 0FF </p><p>$15.19</p><a href="https://www.amazon.com/dp/B07H4DMLVH?tag=eloabder-20&linkCode=osi&th=1&psc=1">View Product</a></div><div class="product"><a href="https://www.amazon.com/dp/B0D69W6H91?tag=eloabder-20&linkCode=osi&th=1&psc=1"><img src="https://m.media-amazon.com/images/I/51rQI+gi3lL._SL500_.jpg" alt="Product Image"></a><p>JANE EYRE Computer Tower Stand - Adjustable PC Tower Stand CPU Holder Cart with Charging Station for Office Home Classroom,23.03"-28.3" H, black</p><p> -10% 0FF </p><p>$53.99</p><a href="https://www.amazon.com/dp/B0D69W6H91?tag=eloabder-20&linkCode=osi&th=1&psc=1">View Product</a></div><div class="product"><a href="https://www.amazon.com/dp/B0C4T34L9Y?tag=eloabder-20&linkCode=osi&th=1&psc=1"><img src="https://m.media-amazon.com/images/I/51BNMGXNOEL._SL500_.jpg" alt="Product Image"></a><p>BONTEC Wooden Monitor Stand Riser, 2-Tier Desk Shelf with Storage Organizer, Ergonomic Computer Stand with Cable Management, Cellphone Holder, White, 16.5 Inch</p><p> -33% 0FF </p><p>$18.04</p><a href="https://www.amazon.com/dp/B0C4T34L9Y?tag=eloabder-20&linkCode=osi&th=1&psc=1">View Product</a></div><div class="product"><a href="https://www.amazon.com/dp/B08BRCT4JH?tag=eloabder-20&linkCode=osi&th=1&psc=1"><img src="https://m.media-amazon.com/images/I/41Ga6A+cXbL._SL500_.jpg" alt="Product Image"></a><p>BESIGN LS03 Aluminum Laptop Stand, Ergonomic Detachable Computer Stand, Notebook Riser Compatible with Air, Pro, Dell, HP, Lenovo More 10-15.6" Laptops, Silver</p><p> -25% 0FF </p><p>$14.98</p><a href="https://www.amazon.com/dp/B08BRCT4JH?tag=eloabder-20&linkCode=osi&th=1&psc=1">View Product</a></div>
<div class="product"><a href="https://www.amazon.com/dp/B07Q79ZZJ6?tag=eloabder-20&linkCode=osi&th=1&psc=1"><img src="https://m.media-amazon.com/images/I/31-LBzENQIL._SL500_.jpg" alt="Product Image"></a><p>Single LCD Computer Monitor Free-Standing Desk Stand Mount Riser for 13 inch to 32 inch screen with Swivel, Height Adjustable, Rotation, Vesa Base Stand Holds One (1) Screen up to 77Lbs(HT05B-001))</p><p> -34% 0FF </p><p>$21.99</p><a href="https://www.amazon.com/dp/B07Q79ZZJ6?tag=eloabder-20&linkCode=osi&th=1&psc=1">View Product</a></div><div class="product"><a href="https://www.amazon.com/dp/B082845XM8?tag=eloabder-20&linkCode=osi&th=1&psc=1"><img src="https://m.media-amazon.com/images/I/41uRH1B7HgL._SL500_.jpg" alt="Product Image"></a><p>Dual Monitor Stand - Vertical Stack Screen Free-Standing Monitor Riser Fits Two 13 to 34 Inch Screen with Swivel, Tilt, Height Adjustable, Holds One (1) Screen Up to 44Lbs</p><p> -5% 0FF </p><p>$31.56</p><a href="https://www.amazon.com/dp/B082845XM8?tag=eloabder-20&linkCode=osi&th=1&psc=1">View Product</a></div><div class="product"><a href="https://www.amazon.com/dp/B00X4SCCFG?tag=eloabder-20&linkCode=osi&th=1&psc=1"><img src="https://m.media-amazon.com/images/I/21X2klzUZGL._SL500_.jpg" alt="Product Image"></a><p>Amazon Basics Height Adjustable Rectangular Computer Monitor Riser Desk Stand with Storage for Reduced Neck Strain - Fits Monitors, Laptops Up to 22lbs, Black</p><p> -35% 0FF </p><p>$14.06</p><a href="https://www.amazon.com/dp/B00X4SCCFG?tag=eloabder-20&linkCode=osi&th=1&psc=1">View Product</a></div>
<div class="product"><a href="https://www.amazon.com/dp/B07HFDJCSL?tag=eloabder-20&linkCode=osi&th=1&psc=1"><img src="https://m.media-amazon.com/images/I/41DR7qY1naL._SL500_.jpg" alt="Product Image"></a><p>VIVO Large Keyboard Tray Under Desk Pull Out with Extra Sturdy C Clamp Mount System, 27 (33 Including Clamps) x 11 Inch Slide-Out Platform Computer Drawer for Typing, Black, MOUNT-KB05E</p><p> -17% 0FF </p><p>$49.99</p><a href="https://www.amazon.com/dp/B07HFDJCSL?tag=eloabder-20&linkCode=osi&th=1&psc=1">View Product</a></div><div class="product"><a href="https://www.amazon.com/dp/B082NKBM62?tag=eloabder-20&linkCode=osi&th=1&psc=1"><img src="https://m.media-amazon.com/images/I/41qQ3p9-mrL._SL500_.jpg" alt="Product Image"></a><p>HUANUO Keyboard Tray Under Desk, 360 Adjustable Ergonomic Sliding Keyboard & Mouse Tray, Under Desk Keyboard Tray Slide Out, Keyboard Holder Under Desk for Typing in Home, Office Work, 25"W x 9.84"D</p><p> -33% 0FF </p><p>$59.98</p><a href="https://www.amazon.com/dp/B082NKBM62?tag=eloabder-20&linkCode=osi&th=1&psc=1">View Product</a></div><div class="product"><a href="https://www.amazon.com/dp/B0F23GTKHL?tag=eloabder-20&linkCode=osi&th=1&psc=1"><img src="https://m.media-amazon.com/images/I/41dmHoeznDL._SL500_.jpg" alt="Product Image"></a><p>Zontera Ergonomic Mouse & Keyboard Tray Under Desk, Pull Out with Adjustable C-clamp, 20 (25.9 Including Clamps) x 11.8 Inch Slide Out Computer Keyboard Drawer Mouse Tray for Typing, Black</p><p> -7% 0FF </p><p>$25.99</p><a href="https://www.amazon.com/dp/B0F23GTKHL?tag=eloabder-20&linkCode=osi&th=1&psc=1">View Product</a></div><div class="product"><a href="https://www.amazon.com/dp/B01IIGMBVI?tag=eloabder-20&linkCode=osi&th=1&psc=1"><img src="https://m.media-amazon.com/images/I/21Vw8003F0L._SL500_.jpg" alt="Product Image"></a><p>Alera ALE Valencia Series Underdesk Keyboard/Mouse Shelf, 28w x 12d, Black</p><p> -50% 0FF </p><p>$29.22</p><a href="https://www.amazon.com/dp/B01IIGMBVI?tag=eloabder-20&linkCode=osi&th=1&psc=1">View Product</a></div>
<div class="product"><a href="https://www.amazon.com/dp/B07C3XZMC6?tag=eloabder-20&linkCode=osi&th=1&psc=1"><img src="https://m.media-amazon.com/images/I/31Eojf7glwL._SL500_.jpg" alt="Product Image"></a><p>JIKIOU 3 Pack Mouse Pad with Stitched Edge, Comfortable Mouse Pads with Non-Slip Rubber Base, Washable Mousepads Bulk with Comfortable Cloth, Mouse Pads for Computers Laptop Mouse 10.2x8.3inch Black</p><p> -29% 0FF </p><p>$7.99</p><a href="https://www.amazon.com/dp/B07C3XZMC6?tag=eloabder-20&linkCode=osi&th=1&psc=1">View Product</a></div><div class="product"><a href="https://www.amazon.com/dp/B085XRMSTT?tag=eloabder-20&linkCode=osi&th=1&psc=1"><img src="https://m.media-amazon.com/images/I/31aDSI0sFoL._SL500_.jpg" alt="Product Image"></a><p>EooCoo Ergonomic Mouse Pad with Wrist Support, Mousepad with Memory Foam Wrist Rest and Non-Slip Base for Computer, Cafe, Home & Office, 9.64 x 8.26 in Office Desk Accessories</p><p> -36% 0FF </p><p>$6.99</p><a href="https://www.amazon.com/dp/B085XRMSTT?tag=eloabder-20&linkCode=osi&th=1&psc=1">View Product</a></div>
<div class="product"><a href="https://www.amazon.com/dp/B0BRCJL4MM?tag=eloabder-20&linkCode=osi&th=1&psc=1"><img src="https://m.media-amazon.com/images/I/41sggzaNbPL._SL500_.jpg" alt="Product Image"></a><p>Led Desk Lamp for Office Home - Eye Caring Architect lamp with Clamp,Dual Screen Computer Monitor Gooseneck Smart Light: 24W 5 Color Flexible Adjustable Lighting Table Lamp for Study Drafting</p><p> -13% 0FF </p><p>$69.99</p><a href="https://www.amazon.com/dp/B0BRCJL4MM?tag=eloabder-20&linkCode=osi&th=1&psc=1">View Product</a></div><div class="product"><a href="https://www.amazon.com/dp/B0BNHNG5CY?tag=eloabder-20&linkCode=osi&th=1&psc=1"><img src="https://m.media-amazon.com/images/I/51ccmdZe2YL._SL500_.jpg" alt="Product Image"></a><p>Micomlan Led Desk Lamp with Clamp, Architect Desk Lamp for Home Office with Atmosphere Lighting, 24W Ultra Bright Auto Dimming Computer Light Stepless Dimming and Tempering LED Table Light</p><p> -27% 0FF </p><p>$49.99</p><a href="https://www.amazon.com/dp/B0BNHNG5CY?tag=eloabder-20&linkCode=osi&th=1&psc=1">View Product</a></div><div class="product"><a href="https://www.amazon.com/dp/B078W61H9P?tag=eloabder-20&linkCode=osi&th=1&psc=1"><img src="https://m.media-amazon.com/images/I/31aebwb3nqL._SL500_.jpg" alt="Product Image"></a><p>LEPOWER Metal Desk Lamp, Eye-Caring Table Lamp, Study Lamps with Flexible Goose Neck for Bedroom, Home Office (Matte Black)</p><p> -24% 0FF </p><p>$24.99</p><a href="https://www.amazon.com/dp/B078W61H9P?tag=eloabder-20&linkCode=osi&th=1&psc=1">View Product</a></div><div class="product"><a href="https://www.amazon.com/dp/B0D1DLY4H4?tag=eloabder-20&linkCode=osi&th=1&psc=1"><img src="https://m.media-amazon.com/images/I/41sKiuSIwRL._SL500_.jpg" alt="Product Image"></a><p>SKYLEO Led Desk Lamp - Desk Light for 31.5" Tall - 5 Color Modes X 11 Brightness Levels - Adjustable Swing Arm - Timmer & Memory Function - 12W Lamp for Desk - Black</p><p> -23% 0FF </p><p>$19.99</p><a href="https://www.amazon.com/dp/B0D1DLY4H4?tag=eloabder-20&linkCode=osi&th=1&psc=1">View Product</a></div><div class="product"><a href="https://www.amazon.com/dp/B0D2LGK82V?tag=eloabder-20&linkCode=osi&th=1&psc=1"><img src="https://m.media-amazon.com/images/I/41UpQ-qygDL._SL500_.jpg" alt="Product Image"></a><p>Addtam LED Desk Lamp, Power Strip with 3 Outlets 4 USB Charging Ports(2 USBC), 4 Modes 5 Level Brightness Touch Lamp, Small Desk Lamp for Home Office College Dorm Room Essentials</p><p> -23% 0FF </p><p>$16.99</p><a href="https://www.amazon.com/dp/B0D2LGK82V?tag=eloabder-20&linkCode=osi&th=1&psc=1">View Product</a></div><div class="product"><a href="https://www.amazon.com/dp/B08LMTQ7ZF?tag=eloabder-20&linkCode=osi&th=1&psc=1"><img src="https://m.media-amazon.com/images/I/21vKPX2KHML._SL500_.jpg" alt="Product Image"></a><p>Lepro LED Desk Lamp for Home Office, 9.5W 750LM Metal Touch Control Desk Light, 5 Color Modes 5 Brightness Level, Eye Caring Task Lamp For Reading, Sewing, Crafts, School Supplies, Puzzle Light, Black</p><p> -13% 0FF </p><p>$24.99</p><a href="https://www.amazon.com/dp/B08LMTQ7ZF?tag=eloabder-20&linkCode=osi&th=1&psc=1">View Product</a></div>
<div class="product"><a href="https://www.amazon.com/dp/B0D7BXNDP4?tag=eloabder-20&linkCode=osi&th=1&psc=1"><img src="https://m.media-amazon.com/images/I/41DuEunZ1+L._SL500_.jpg" alt="Product Image"></a><p>Monitor Fan with Clamp & Light Bar Desk Lamp with fan for Office mini Desk fan small quiet with lamp for PC Laptops Tablet for Home Office Portable Working Reading Stand Lamp</p><p> -5% 0FF </p><p>$15.19</p><a href="https://www.amazon.com/dp/B0D7BXNDP4?tag=eloabder-20&linkCode=osi&th=1&psc=1">View Product</a></div><div class="product"><a href="https://www.amazon.com/dp/B07K1D41DC?tag=eloabder-20&linkCode=osi&th=1&psc=1"><img src="https://m.media-amazon.com/images/I/310MAouNV-L._SL500_.jpg" alt="Product Image"></a><p>OttLite Cool Breeze LED Lamp with Bladeless Fan - 3 Speed Options & 5 Brightness Settings with Energy Efficient Natural Daylight LEDs - Desktop, Table or Nightstand Lamp for Studying or Reading</p><p> -14% 0FF </p><p>$89.98</p><a href="https://www.amazon.com/dp/B07K1D41DC?tag=eloabder-20&linkCode=osi&th=1&psc=1">View Product</a></div>
<div class="product"><a href="https://www.amazon.com/dp/B0CXSXL1F2?tag=eloabder-20&linkCode=osi&th=1&psc=1"><img src="https://m.media-amazon.com/images/I/41H6cndt7iL._SL500_.jpg" alt="Product Image"></a><p>9 Pack Lined Sticky Notes 4x6 in Post Sticky Notes with Lines, 9 Bright Colors Self Sticky Notes Pad Its, Large Ruled Sticky Note for Office, Home, 35 Sheets/Pad</p><p> -33% 0FF </p><p>$7.99</p><a href="https://www.amazon.com/dp/B0CXSXL1F2?tag=eloabder-20&linkCode=osi&th=1&psc=1">View Product</a></div><div class="product"><a href="https://www.amazon.com/dp/B019QROV9S?tag=eloabder-20&linkCode=osi&th=1&psc=1"><img src="https://m.media-amazon.com/images/I/51OsStyntzL._SL500_.jpg" alt="Product Image"></a><p>Sharpie Clear View Highlighter Sticks, Chisel Tip, Assorted Fluorescent, 8 Count - School, Home, and Office Use, Teacher Supplies</p><p> -23% 0FF </p><p>$13.86</p><a href="https://www.amazon.com/dp/B019QROV9S?tag=eloabder-20&linkCode=osi&th=1&psc=1">View Product</a></div>
<div class="product"><a href="https://www.amazon.com/dp/B082PN4X5J?tag=eloabder-20&linkCode=osi&th=1&psc=1"><img src="https://m.media-amazon.com/images/I/51o+eA8g6nL._SL500_.jpg" alt="Product Image"></a><p>Sharpie S-Gel Gel Pens, Black Barrel, Medium Point (0.7mm), Black Gel Ink Pens, 12 Count - Home, Office, School, Journaling, Writing, Note-Taking, Teacher Supplies</p><p> -14% 0FF </p><p>$11.97</p><a href="https://www.amazon.com/dp/B082PN4X5J?tag=eloabder-20&linkCode=osi&th=1&psc=1">View Product</a></div><div class="product"><a href="https://www.amazon.com/dp/B0C9W8DD9S?tag=eloabder-20&linkCode=osi&th=1&psc=1"><img src="https://m.media-amazon.com/images/I/41mdSvEwNZL._SL500_.jpg" alt="Product Image"></a><p>Ddaowanx Gel Pens, 6 Pcs 0.5mm Quick Dry Black Ink Pens Fine Point Smooth Writing Pens, Cute Office School Supplies Gifts for Women</p><p> -10% 0FF </p><p>$8.99</p><a href="https://www.amazon.com/dp/B0C9W8DD9S?tag=eloabder-20&linkCode=osi&th=1&psc=1">View Product</a></div><div class="product"><a href="https://www.amazon.com/dp/B019QBOG3U?tag=eloabder-20&linkCode=osi&th=1&psc=1"><img src="https://m.media-amazon.com/images/I/416PjSebDoL._SL500_.jpg" alt="Product Image"></a><p>Paper Mate Colorful Gel Pens - InkJoy Gel Pens Assorted Medium Point (0.7). Perfect for Vibrant Colored Writing and Sketching with Paper Mate InkJoy 14 Count</p><p> -18% 0FF </p><p>$10.31</p><a href="https://www.amazon.com/dp/B019QBOG3U?tag=eloabder-20&linkCode=osi&th=1&psc=1">View Product</a></div><div class="product"><a href="https://www.amazon.com/dp/B0C73JDN4S?tag=eloabder-20&linkCode=osi&th=1&psc=1"><img src="https://m.media-amazon.com/images/I/51DJUUxL7HL._SL500_.jpg" alt="Product Image"></a><p>Linbsunne Ballpoint Pens Black Medium Point 1mm Pen with Super Soft Grip Ball Point Pen for Men Women Retractable Pens (gold-12 pcs)</p><p> -10% 0FF </p><p>$8.99</p><a href="https://www.amazon.com/dp/B0C73JDN4S?tag=eloabder-20&linkCode=osi&th=1&psc=1">View Product</a></div><div class="product"><a href="https://www.amazon.com/dp/B001OTA66O?tag=eloabder-20&linkCode=osi&th=1&psc=1"><img src="https://m.media-amazon.com/images/I/41yS5tBZQLL._SL500_.jpg" alt="Product Image"></a><p>BIC Glide Black Retractable Ballpoint Pens, Medium Point (1.0mm), 4-Count Pack, Ultra Smooth Writing Black Pens</p><p> -40% 0FF </p><p>$2.99</p><a href="https://www.amazon.com/dp/B001OTA66O?tag=eloabder-20&linkCode=osi&th=1&psc=1">View Product</a></div>
<div class="product"><a href="https://www.amazon.com/dp/B002HVXXCW?tag=eloabder-20&linkCode=osi&th=1&psc=1"><img src="https://m.media-amazon.com/images/I/41JeEedXCeL._SL500_.jpg" alt="Product Image"></a><p>Ticonderoga Wood-Cased Pencils, Pre-Sharpened, 2 HB Soft, Yellow, 10 Count</p><p> -58% 0FF </p><p>$2.49</p><a href="https://www.amazon.com/dp/B002HVXXCW?tag=eloabder-20&linkCode=osi&th=1&psc=1">View Product</a></div><div class="product"><a href="https://www.amazon.com/dp/B077Q4B6YN?tag=eloabder-20&linkCode=osi&th=1&psc=1"><img src="https://m.media-amazon.com/images/I/4160YcHGDNL._SL500_.jpg" alt="Product Image"></a><p>Paper Mate 2017483 Mechanical Pencils for Handwriting, Triangular, 5/PK, AST</p><p> -45% 0FF </p><p>$3.47</p><a href="https://www.amazon.com/dp/B077Q4B6YN?tag=eloabder-20&linkCode=osi&th=1&psc=1">View Product</a></div>
<div class="product"><a href="https://www.amazon.com/dp/B0D7YTZNRF?tag=eloabder-20&linkCode=osi&th=1&psc=1"><img src="https://m.media-amazon.com/images/I/41hSbSlNAmL._SL500_.jpg" alt="Product Image"></a><p>YASNAY Alcohol Markers, 48 Colors Dual Tip Art Marker, Drawing Markers, Coloring Marker for Kids Sketching Adult Coloring</p><p> -27% 0FF </p><p>$10.99</p><a href="https://www.amazon.com/dp/B0D7YTZNRF?tag=eloabder-20&linkCode=osi&th=1&psc=1">View Product</a></div><div class="product"><a href="https://www.amazon.com/dp/B07CJ8QXF8?tag=eloabder-20&linkCode=osi&th=1&psc=1"><img src="https://m.media-amazon.com/images/I/51bChi4-H4L._SL500_.jpg" alt="Product Image"></a><p>Dual Markers Brush Pens, 36 Fine Point Art Marker, Double Tip Colored Pen for Adult Coloring Hand Lettering, School Classroom Art Suppliers</p><p> -20% 0FF </p><p>$7.98</p><a href="https://www.amazon.com/dp/B07CJ8QXF8?tag=eloabder-20&linkCode=osi&th=1&psc=1">View Product</a></div><div class="product"><a href="https://www.amazon.com/dp/B071CP6X88?tag=eloabder-20&linkCode=osi&th=1&psc=1"><img src="https://m.media-amazon.com/images/I/41sNeEYkTNL._SL500_.jpg" alt="Product Image"></a><p>Crayola Super Tips Marker Set for Kids (100ct), Broad Tip & Fine Point Washable Art Markers for Kids, Bulk School Supplies, Teacher Classroom Must Haves, Drawing Supplies</p><p> -19% 0FF </p><p>$16.29</p><a href="https://www.amazon.com/dp/B071CP6X88?tag=eloabder-20&linkCode=osi&th=1&psc=1">View Product</a></div><div class="product"><a href="https://www.amazon.com/dp/B08MBFPFCQ?tag=eloabder-20&linkCode=osi&th=1&psc=1"><img src="https://m.media-amazon.com/images/I/51DaGL7Z4oL._SL500_.jpg" alt="Product Image"></a><p>Sharpie Permanent Markers Variety Pack, Includes Chisel, Fine, and Ultra-Fine Tips, Marker Set, Writing, Coloring, Poster, Office, School Supplies, Black, 6 Count</p><p> -19% 0FF </p><p>$4.63 ($0.77 / Count)</p><a href="https://www.amazon.com/dp/B08MBFPFCQ?tag=eloabder-20&linkCode=osi&th=1&psc=1">View Product</a></div>
<div class="product"><a href="https://www.amazon.com/dp/B09Y2KJ2KX?tag=eloabder-20&linkCode=osi&th=1&psc=1"><img src="https://m.media-amazon.com/images/I/41EhQr7suML._SL500_.jpg" alt="Product Image"></a><p>Sharpie Pocket Highlighters, Mild Pastel Colors, Assorted, Chisel Tip, 12 Count - School, Home, and Office Use, Teacher Supplies</p><p> -22% 0FF </p><p>$7.76 ($0.65 / Count)</p><a href="https://www.amazon.com/dp/B09Y2KJ2KX?tag=eloabder-20&linkCode=osi&th=1&psc=1">View Product</a></div><div class="product"><a href="https://www.amazon.com/dp/B08698MJWT?tag=eloabder-20&linkCode=osi&th=1&psc=1"><img src="https://m.media-amazon.com/images/I/512N7aYt5oL._SL500_.jpg" alt="Product Image"></a><p>Sharpie S-Note Creative Markers, Pastel Highlighters, Art Marker Set, Assorted Colors, Chisel Tip, 24 Count - School, Home, and Office Use, Teacher Supplies</p><p> -60% 0FF </p><p>$8.83</p><a href="https://www.amazon.com/dp/B08698MJWT?tag=eloabder-20&linkCode=osi&th=1&psc=1">View Product</a></div>
<div class="product"><a href="https://www.amazon.com/dp/B097DPQPYN?tag=eloabder-20&linkCode=osi&th=1&psc=1"><img src="https://m.media-amazon.com/images/I/51nFyQPtfkL._SL500_.jpg" alt="Product Image"></a><p>Sonuimy Pencil Sharpeners, 4 Pcs Pencil Sharpeners Manual,Dual Holes Compact Colored Handheld Pencil Sharpener for Kids with Lid Adults Students School Class Home Office (Covered)</p><p> -13% 0FF </p><p>$4.49</p><a href="https://www.amazon.com/dp/B097DPQPYN?tag=eloabder-20&linkCode=osi&th=1&psc=1">View Product</a></div><div class="product"><a href="https://www.amazon.com/dp/B000MFN1G8?tag=eloabder-20&linkCode=osi&th=1&psc=1"><img src="https://m.media-amazon.com/images/I/41JPflroUEL._SL500_.jpg" alt="Product Image"></a><p>Compact Desktop Electric Pencil Sharpener, Black, Sold as 1 Each</p><p> -21% 0FF </p><p>$15.89</p><a href="https://www.amazon.com/dp/B000MFN1G8?tag=eloabder-20&linkCode=osi&th=1&psc=1">View Product</a></div><div class="product"><a href="https://www.amazon.com/dp/B00125KXGI?tag=eloabder-20&linkCode=osi&th=1&psc=1"><img src="https://m.media-amazon.com/images/I/51avY0bZv6L._SL500_.jpg" alt="Product Image"></a><p>Bostitch Office Personal Electric Pencil Sharpener, Powerful Stall-Free Motor, High Capacity Shavings Tray, Blue</p><p> -13% 0FF </p><p>$17.48</p><a href="https://www.amazon.com/dp/B00125KXGI?tag=eloabder-20&linkCode=osi&th=1&psc=1">View Product</a></div><div class="product"><a href="https://www.amazon.com/dp/B078DZY9Z5?tag=eloabder-20&linkCode=osi&th=1&psc=1"><img src="https://m.media-amazon.com/images/I/41KbUFGrXfL._SL500_.jpg" alt="Product Image"></a><p>JARLINK Electric Pencil Sharpener, Heavy-Duty Helical Blade to Fast Sharpen, Auto Stop for No.2/Colored Pencils(6-8mm), AC Adapter/Battery Operated in School Classroom/Office/Home (Black)</p><p> -21% 0FF </p><p>$16.98</p><a href="https://www.amazon.com/dp/B078DZY9Z5?tag=eloabder-20&linkCode=osi&th=1&psc=1">View Product</a></div><div class="product"><a href="https://www.amazon.com/dp/B08DLXH86D?tag=eloabder-20&linkCode=osi&th=1&psc=1"><img src="https://m.media-amazon.com/images/I/41UghsnBycL._SL500_.jpg" alt="Product Image"></a><p>Aogwat Pencil Sharpener Electric Pencil Sharpener for Kids, Blade to Fast Sharpen, Suitable for No.2/School/Classroom/Office/Home (Black)</p><p> -23% 0FF </p><p>$9.99</p><a href="https://www.amazon.com/dp/B08DLXH86D?tag=eloabder-20&linkCode=osi&th=1&psc=1">View Product</a></div><div class="product"><a href="https://www.amazon.com/dp/B000GP0VIU?tag=eloabder-20&linkCode=osi&th=1&psc=1"><img src="https://m.media-amazon.com/images/I/318OKKSwzbL._SL500_.jpg" alt="Product Image"></a><p>Bostitch Office Wall Mount Manual Pencil Sharpener, Tip Saver, 8 Hole Dial, 6X Longer Cutter Life, Vertical or Horizontal Mounting Black (MPS1-BLK)</p><p> -9% 0FF </p><p>$13.18</p><a href="https://www.amazon.com/dp/B000GP0VIU?tag=eloabder-20&linkCode=osi&th=1&psc=1">View Product</a></div>
<div class="product"><a href="https://www.amazon.com/dp/B00094H4LU?tag=eloabder-20&linkCode=osi&th=1&psc=1"><img src="https://m.media-amazon.com/images/I/41f-fbZYU1L._SL500_.jpg" alt="Product Image"></a><p>Paper Mate Erasers | Pink Pearl Large Erasers 12 Count</p><p> -55% 0FF </p><p>$6.03</p><a href="https://www.amazon.com/dp/B00094H4LU?tag=eloabder-20&linkCode=osi&th=1&psc=1">View Product</a></div><div class="product"><a href="https://www.amazon.com/dp/B07DPVVMWB?tag=eloabder-20&linkCode=osi&th=1&psc=1"><img src="https://m.media-amazon.com/images/I/51wLlsENgiL._SL500_.jpg" alt="Product Image"></a><p>Mr. Pen Erasers for Pencils, 120 Pack, Pencil Top Erasers, Eraser Caps, Cap Tops, Topper Erasers. Ereaser</p><p> -24% 0FF </p><p>$5.95</p><a href="https://www.amazon.com/dp/B07DPVVMWB?tag=eloabder-20&linkCode=osi&th=1&psc=1">View Product</a></div><div class="product"><a href="https://www.amazon.com/dp/B07144DC8V?tag=eloabder-20&linkCode=osi&th=1&psc=1"><img src="https://m.media-amazon.com/images/I/51Ed1+HW9cL._SL500_.jpg" alt="Product Image"></a><p>Pentel Hi-Polymer Block Eraser, White, 10/Box (ZEH10PC10)</p><p> -44% 0FF </p><p>$9.99</p><a href="https://www.amazon.com/dp/B07144DC8V?tag=eloabder-20&linkCode=osi&th=1&psc=1">View Product</a></div><div class="product"><a href="https://www.amazon.com/dp/B0047CT6SE?tag=eloabder-20&linkCode=osi&th=1&psc=1"><img src="https://m.media-amazon.com/images/I/41bhWXKeeiL._SL500_.jpg" alt="Product Image"></a><p>Pentel Clic Retractable Eraser with Grip, 3 Pack</p><p> -29% 0FF </p><p>$4.77</p><a href="https://www.amazon.com/dp/B0047CT6SE?tag=eloabder-20&linkCode=osi&th=1&psc=1">View Product</a></div>
<div class="product"><a href="https://www.amazon.com/dp/B09S9X3HV7?tag=eloabder-20&linkCode=osi&th=1&psc=1"><img src="https://m.media-amazon.com/images/I/51GgMyfl5VL._SL500_.jpg" alt="Product Image"></a><p>Color Transparent Ruler Plastic Rulers - Ruler 12 inch, Kids Ruler for School, Ruler with Centimeters, Millimeter and Inches, Assorted Colors, Clear Rulers, 7 Pack School Rulers</p><p> -16% 0FF </p><p>$5.99</p><a href="https://www.amazon.com/dp/B09S9X3HV7?tag=eloabder-20&linkCode=osi&th=1&psc=1">View Product</a></div><div class="product"><a href="https://www.amazon.com/dp/B06XK9VQM4?tag=eloabder-20&linkCode=osi&th=1&psc=1"><img src="https://m.media-amazon.com/images/I/51Glln3n-nL._SL500_.jpg" alt="Product Image"></a><p>Outus 12 Pack Wood Ruler Bulk for Students Wooden School Rulers Gifts Office Classroom Measuring, 2 Scale, 12 Inch and 30 cm</p><p> -6% 0FF </p><p>$7.99</p><a href="https://www.amazon.com/dp/B06XK9VQM4?tag=eloabder-20&linkCode=osi&th=1&psc=1">View Product</a></div><div class="product"><a href="https://www.amazon.com/dp/B0B5MLTG7J?tag=eloabder-20&linkCode=osi&th=1&psc=1"><img src="https://m.media-amazon.com/images/I/51z9LUxLKmL._SL500_.jpg" alt="Product Image"></a><p>DAGONGREN 30 Pack Clear Plastic Rulers 12 Inch,Transparent Assorted Color Metric Bulk Rulers with Inches and Centimeters,Kids Ruler for School,Home,Office</p><p> -9% 0FF </p><p>$9.99</p><a href="https://www.amazon.com/dp/B0B5MLTG7J?tag=eloabder-20&linkCode=osi&th=1&psc=1">View Product</a></div><div class="product"><a href="https://www.amazon.com/dp/B096MPPF53?tag=eloabder-20&linkCode=osi&th=1&psc=1"><img src="https://m.media-amazon.com/images/I/51qUpElDRcS._SL500_.jpg" alt="Product Image"></a><p>Tenare 1 Set Plastic Clear Math Set Includes Protractor Triangle Rulers 12 Inch 6 Inch Straight Geometry Math Transparent Ruler Measuring Tool for School Office Home Supplies(Clear)</p><p> -25% 0FF </p><p>$5.98</p><a href="https://www.amazon.com/dp/B096MPPF53?tag=eloabder-20&linkCode=osi&th=1&psc=1">View Product</a></div>
<div class="product"><a href="https://www.amazon.com/dp/B07YDDX4JL?tag=eloabder-20&linkCode=osi&th=1&psc=1"><img src="https://m.media-amazon.com/images/I/41oBPZwCRLL._SL500_.jpg" alt="Product Image"></a><p>3-Pack 8" Heavy Duty Scissors with Ultra Sharp Blades and Comfort Grip Handles - For Office, Home, School, Sewing, and Crafts</p><p> -15% 0FF </p><p>$8.49 ($2.83 / Count)</p><a href="https://www.amazon.com/dp/B07YDDX4JL?tag=eloabder-20&linkCode=osi&th=1&psc=1">View Product</a></div><div class="product"><a href="https://www.amazon.com/dp/B01BRGU8R0?tag=eloabder-20&linkCode=osi&th=1&psc=1"><img src="https://m.media-amazon.com/images/I/41ANVra+eNL._SL500_.jpg" alt="Product Image"></a><p>Amazon Basics Stainless Steel Scissors for Office, Crafts, Multipurpose, Sharp, Comfort Grip, PVD Coated, 3 Pack, Multicolor</p><p> -45% 0FF </p><p>$7.55</p><a href="https://www.amazon.com/dp/B01BRGU8R0?tag=eloabder-20&linkCode=osi&th=1&psc=1">View Product</a></div><div class="product"><a href="https://www.amazon.com/dp/B000P0LNRE?tag=eloabder-20&linkCode=osi&th=1&psc=1"><img src="https://m.media-amazon.com/images/I/41fWgMTO0JL._SL500_.jpg" alt="Product Image"></a><p>Westcott 8-Inch Titanium-Bonded Scissors with Adjustable Glide Feature for Office and Home - Gray/Yellow, 2-Pack</p><p> -33% 0FF </p><p>$9.97</p><a href="https://www.amazon.com/dp/B000P0LNRE?tag=eloabder-20&linkCode=osi&th=1&psc=1">View Product</a></div>
<div class="product"><a href="https://www.amazon.com/dp/B074ZRZ4CZ?tag=eloabder-20&linkCode=osi&th=1&psc=1"><img src="https://m.media-amazon.com/images/I/41bu+HKxC2L._SL500_.jpg" alt="Product Image"></a><p>Swingline Commercial Stapler, 20 Sheet Capacity, Jam Free, Metal, 2 Pack, Black (44401AZ)</p><p> -5% 0FF </p><p>$18.98</p><a href="https://www.amazon.com/dp/B074ZRZ4CZ?tag=eloabder-20&linkCode=osi&th=1&psc=1">View Product</a></div><div class="product"><a href="https://www.amazon.com/dp/B001PME62K?tag=eloabder-20&linkCode=osi&th=1&psc=1"><img src="https://m.media-amazon.com/images/I/41gbaJu-3iL._SL500_.jpg" alt="Product Image"></a><p>Swingline Stapler, 40 Sheet Capacity, Optima 40, Jam Free, Reduced Effort, Soft Grip, Metal, Orange and Gray (87845)</p><p> -14% 0FF </p><p>$24.19</p><a href="https://www.amazon.com/dp/B001PME62K?tag=eloabder-20&linkCode=osi&th=1&psc=1">View Product</a></div><div class="product"><a href="https://www.amazon.com/dp/B0D2JBKYM1?tag=eloabder-20&linkCode=osi&th=1&psc=1"><img src="https://m.media-amazon.com/images/I/41zFTU9QpfL._SL500_.jpg" alt="Product Image"></a><p>Bostitch Office Stapler, No-Jam Premium for Desktop, Includes 1,250 Staples, Full-Strip, 25 Sheet Capacity, Black</p><p> -26% 0FF </p><p>$6.99</p><a href="https://www.amazon.com/dp/B0D2JBKYM1?tag=eloabder-20&linkCode=osi&th=1&psc=1">View Product</a></div><div class="product"><a href="https://www.amazon.com/dp/B0CC5GJKM1?tag=eloabder-20&linkCode=osi&th=1&psc=1"><img src="https://m.media-amazon.com/images/I/41JDDoSZQiL._SL500_.jpg" alt="Product Image"></a><p>Metal Stapler Heavy Duty 50 Sheet Capacity with 1750 Staples and Staple Remover, Full Strip Staplers for Desk, No Jam, Non-Slip for Office & Classroom, Black</p><p> -33% 0FF </p><p>$13.29</p><a href="https://www.amazon.com/dp/B0CC5GJKM1?tag=eloabder-20&linkCode=osi&th=1&psc=1">View Product</a></div><div class="product"><a href="https://www.amazon.com/dp/B0006HUQZ6?tag=eloabder-20&linkCode=osi&th=1&psc=1"><img src="https://m.media-amazon.com/images/I/31e-T-f1TGL._SL500_.jpg" alt="Product Image"></a><p>Swingline Stapler, 30 Sheet Capacity, 747 Business Stapler, Jam Free, Metal, Rio Red (74736)</p><p> -23% 0FF </p><p>$15.30</p><a href="https://www.amazon.com/dp/B0006HUQZ6?tag=eloabder-20&linkCode=osi&th=1&psc=1">View Product</a></div>
<div class="product"><a href="https://www.amazon.com/dp/B00J8PJJF0?tag=eloabder-20&linkCode=osi&th=1&psc=1"><img src="https://m.media-amazon.com/images/I/418dc+5ZGkL._SL500_.jpg" alt="Product Image"></a><p>Bostitch Office Premium Standard Staples, 1/4" Full Strip, Box of 5,000 Staples</p><p> -27% 0FF </p><p>$4.39</p><a href="https://www.amazon.com/dp/B00J8PJJF0?tag=eloabder-20&linkCode=osi&th=1&psc=1">View Product</a></div><div class="product"><a href="https://www.amazon.com/dp/B079VYR12V?tag=eloabder-20&linkCode=osi&th=1&psc=1"><img src="https://m.media-amazon.com/images/I/51xAt88vqrL._SL500_.jpg" alt="Product Image"></a><p>Officemate Standard Staples, 10 Boxes General Purpose Staple (91950)</p><p> -10% 0FF </p><p>$14.37</p><a href="https://www.amazon.com/dp/B079VYR12V?tag=eloabder-20&linkCode=osi&th=1&psc=1">View Product</a></div><div class="product"><a href="https://www.amazon.com/dp/B00006IFMQ?tag=eloabder-20&linkCode=osi&th=1&psc=1"><img src="https://m.media-amazon.com/images/I/51UsWZuFq8L._SL500_.jpg" alt="Product Image"></a><p>Bostitch Office B8 PowerCrown 0.25 Inch Staples, Pack of 5,000 Staples (STCRP21151/4), Silver</p><p> -30% 0FF </p><p>$2.33</p><a href="https://www.amazon.com/dp/B00006IFMQ?tag=eloabder-20&linkCode=osi&th=1&psc=1">View Product</a></div>
<div class="product"><a href="https://www.amazon.com/dp/B000J07BRQ?tag=eloabder-20&linkCode=osi&th=1&psc=1"><img src="https://m.media-amazon.com/images/I/51QpJKjajbL._SL500_.jpg" alt="Product Image"></a><p>Scotch Heavy Duty Shipping Packing Tape, Clear, Packing Tape for Moving Boxes and Packaging Supplies, 1.88 in. x 22.2 yd., 6 Roll Dispensers, Moving Supplies</p><p> -35% 0FF </p><p>$12.99</p><a href="https://www.amazon.com/dp/B000J07BRQ?tag=eloabder-20&linkCode=osi&th=1&psc=1">View Product</a></div><div class="product"><a href="https://www.amazon.com/dp/B0000DH8HQ?tag=eloabder-20&linkCode=osi&th=1&psc=1"><img src="https://m.media-amazon.com/images/I/414lAY+087L._SL500_.jpg" alt="Product Image"></a><p>Scotch Magic Tape, Invisible Transparent Tape, 6 Tape Rolls with Dispensers, 3/4 in x 650 in</p><p> -23% 0FF </p><p>$12.34</p><a href="https://www.amazon.com/dp/B0000DH8HQ?tag=eloabder-20&linkCode=osi&th=1&psc=1">View Product</a></div><div class="product"><a href="https://www.amazon.com/dp/B0DQHV6X92?tag=eloabder-20&linkCode=osi&th=1&psc=1"><img src="https://m.media-amazon.com/images/I/51ViCFlgldL._SL500_.jpg" alt="Product Image"></a><p>BeataTap Tape, Invisible Tape, 6 Rolls + 6 Refillable Dispensers, Matte Finish, Writable, 3/4″ x 650″, Transparent Tape, Clear Tape for Gift Wrapping Paper, School Supplies</p><p> -15% 0FF </p><p>$5.94 ($0.99 / Count)</p><a href="https://www.amazon.com/dp/B0DQHV6X92?tag=eloabder-20&linkCode=osi&th=1&psc=1">View Product</a></div><div class="product"><a href="https://www.amazon.com/dp/B07CB6LN5S?tag=eloabder-20&linkCode=osi&th=1&psc=1"><img src="https://m.media-amazon.com/images/I/41NNyeISnjL._SL500_.jpg" alt="Product Image"></a><p>Scotch Super-Hold Tape, 2 Rolls, Transparent Finish, 50% More Adhesive, Trusted Favorite, 3/4 x 600 Inches, Dispensered (198DM-2)</p><p> -30% 0FF </p><p>$5.97</p><a href="https://www.amazon.com/dp/B07CB6LN5S?tag=eloabder-20&linkCode=osi&th=1&psc=1">View Product</a></div><div class="product"><a href="https://www.amazon.com/dp/B00464740A?tag=eloabder-20&linkCode=osi&th=1&psc=1"><img src="https://m.media-amazon.com/images/I/51ZPFoiGfuL._SL500_.jpg" alt="Product Image"></a><p>Scotch Sure Start Shipping Packaging Tape, 1.88" x 22.2 yd, Designed for Packing, Shipping and Mailing, Quiet Unwind, No Splitting or Tearing, 1.5" Core, Clear, 6 Dispensered Rolls (145-6)</p><p> -28% 0FF </p><p>$13.48</p><a href="https://www.amazon.com/dp/B00464740A?tag=eloabder-20&linkCode=osi&th=1&psc=1">View Product</a></div><div class="product"><a href="https://www.amazon.com/dp/B09C6LLG9P?tag=eloabder-20&linkCode=osi&th=1&psc=1"><img src="https://m.media-amazon.com/images/I/41rbv66ZNBL._SL500_.jpg" alt="Product Image"></a><p>Scotch Box Lock Packaging Tape, 1 Roll with Dispenser, 1.88 in x 1000 in, Extreme Grip, Sticks Instantly to Any Box (195L)</p><p> -31% 0FF </p><p>$4.12</p><a href="https://www.amazon.com/dp/B09C6LLG9P?tag=eloabder-20&linkCode=osi&th=1&psc=1">View Product</a></div>
<div class="product"><a href="https://www.amazon.com/dp/B08QQZ71CV?tag=eloabder-20&linkCode=osi&th=1&psc=1"><img src="https://m.media-amazon.com/images/I/51Foz0aGYoS._SL500_.jpg" alt="Product Image"></a><p>Gorilla Super Glue, Clear Glue, Four 3 Gram Tubes (Pack of 1) - All Purpose and Fast Setting for Projects and Repairs</p><p> -25% 0FF </p><p>$9.49 ($22.60 / Ounce)</p><a href="https://www.amazon.com/dp/B08QQZ71CV?tag=eloabder-20&linkCode=osi&th=1&psc=1">View Product</a></div><div class="product"><a href="https://www.amazon.com/dp/B07J6R3GK7?tag=eloabder-20&linkCode=osi&th=1&psc=1"><img src="https://m.media-amazon.com/images/I/31kdOjGBkpL._SL500_.jpg" alt="Product Image"></a><p>Amazon Basics All Purpose Washable School Clear Liquid Glue - Great for Making Slime, 128 fl oz</p><p> -6% 0FF </p><p>$16.13</p><a href="https://www.amazon.com/dp/B07J6R3GK7?tag=eloabder-20&linkCode=osi&th=1&psc=1">View Product</a></div><div class="product"><a href="https://www.amazon.com/dp/B00178QQJ8?tag=eloabder-20&linkCode=osi&th=1&psc=1"><img src="https://m.media-amazon.com/images/I/41zs6k410RL._SL500_.jpg" alt="Product Image"></a><p>Mod Podge Gloss Sealer, Glue & Finish: All-in-One Craft Solution- Quick Dry, Easy Clean, for Wood, Paper, Fabric & More. Non-Toxic - Craft with Confidence, Made in USA, 16 oz., Pack of 1</p><p> -36% 0FF </p><p>$7.99 ($0.50 / Fl Oz)</p><a href="https://www.amazon.com/dp/B00178QQJ8?tag=eloabder-20&linkCode=osi&th=1&psc=1">View Product</a></div><div class="product"><a href="https://www.amazon.com/dp/B073V14DZJ?tag=eloabder-20&linkCode=osi&th=1&psc=1"><img src="https://m.media-amazon.com/images/I/31Iyy5+vk6L._SL500_.jpg" alt="Product Image"></a><p>Amazon Basics All Purpose Washable School Craft Liquid Glue for Making Slime, White, Single Pack, 1 Gallon</p><p> -7% 0FF </p><p>$15.54</p><a href="https://www.amazon.com/dp/B073V14DZJ?tag=eloabder-20&linkCode=osi&th=1&psc=1">View Product</a></div><div class="product"><a href="https://www.amazon.com/dp/B0006HUJCQ?tag=eloabder-20&linkCode=osi&th=1&psc=1"><img src="https://m.media-amazon.com/images/I/511pTqChTCL._SL500_.jpg" alt="Product Image"></a><p>Loctite Super Glue Gel Control, Clear, 0.14 fl oz Bottle, 1 Pack - Superglue for Plastic, Wood, Metal, Crafts & Repair, Cyanoacrylate Adhesive Instant Glue, Quick Dry</p><p> -13% 0FF </p><p>$3.64 ($26.00 / Fl Oz)</p><a href="https://www.amazon.com/dp/B0006HUJCQ?tag=eloabder-20&linkCode=osi&th=1&psc=1">View Product</a></div>
<div class="product"><a href="https://www.amazon.com/dp/B074XTRX7K?tag=eloabder-20&linkCode=osi&th=1&psc=1"><img src="https://m.media-amazon.com/images/I/31rOPIrMfDL._SL500_.jpg" alt="Product Image"></a><p>Amazon Basics Sturdy Binder Clips for Office Use, 96 Count (8 Pack of 12), Medium, 1.25 in, Black</p><p> -26% 0FF </p><p>$7.48</p><a href="https://www.amazon.com/dp/B074XTRX7K?tag=eloabder-20&linkCode=osi&th=1&psc=1">View Product</a></div><div class="product"><a href="https://www.amazon.com/dp/B00TQ8FDB8?tag=eloabder-20&linkCode=osi&th=1&psc=1"><img src="https://m.media-amazon.com/images/I/51y7lUrMLnL._SL500_.jpg" alt="Product Image"></a><p>ACCO Binder Clips, Medium, Black, 12 per Box, 2 Boxes (72062)</p><p> -25% 0FF </p><p>$5.96</p><a href="https://www.amazon.com/dp/B00TQ8FDB8?tag=eloabder-20&linkCode=osi&th=1&psc=1">View Product</a></div><div class="product"><a href="https://www.amazon.com/dp/B08KWCDP3C?tag=eloabder-20&linkCode=osi&th=1&psc=1"><img src="https://m.media-amazon.com/images/I/41qucDz6HuL._SL500_.jpg" alt="Product Image"></a><p>Ufmarine Medium Binder Clips 1.25 inch Length, (40 Pcs) Colorful Paper Clips Medium for Office</p><p> -12% 0FF </p><p>$5.99</p><a href="https://www.amazon.com/dp/B08KWCDP3C?tag=eloabder-20&linkCode=osi&th=1&psc=1">View Product</a></div>
<div class="product"><a href="https://www.amazon.com/dp/B09XQLJFDD?tag=eloabder-20&linkCode=osi&th=1&psc=1"><img src="https://m.media-amazon.com/images/I/41iiSFMy4uL._SL500_.jpg" alt="Product Image"></a><p>PAPERPAL Paperclips for Office School & Personal Use, #1 Nonskid Paper Clip (1-2/7"), 600 Medium Paper Clips (6 Boxes of 100 Each), Silver</p><p> -20% 0FF </p><p>$7.99</p><a href="https://www.amazon.com/dp/B09XQLJFDD?tag=eloabder-20&linkCode=osi&th=1&psc=1">View Product</a></div>

<div class="product"><a href="https://www.amazon.com/dp/B0033J6V3A?tag=eloabder-20&linkCode=osi&th=1&psc=1"><img src="https://m.media-amazon.com/images/I/21o5ASbichL._SL500_.jpg" alt="Product Image"></a><p>NuSparc 2 Drawer Locking Filing Cabinet | Pre-Assembled Steel Construction | Space-Saving Design is Perfect for Home and Small Office | Letter-Size | Assembled in North America</p><p> -14% 0FF </p><p>$76.99</p><a href="https://www.amazon.com/dp/B0033J6V3A?tag=eloabder-20&linkCode=osi&th=1&psc=1">View Product</a></div><div class="product"><a href="https://www.amazon.com/dp/B0D9XYD75W?tag=eloabder-20&linkCode=osi&th=1&psc=1"><img src="https://m.media-amazon.com/images/I/31VM3xK++PL._SL500_.jpg" alt="Product Image"></a><p>BYNSOE 2 Drawer File Cabinet with Lock Vertical Filing Storage Cabinet Office Home Steel Vertical File Cabinets for Letter Size File Cabinet Locked,Assembly Required</p><p> -8% 0FF </p><p>$54.99</p><a href="https://www.amazon.com/dp/B0D9XYD75W?tag=eloabder-20&linkCode=osi&th=1&psc=1">View Product</a></div><div class="product"><a href="https://www.amazon.com/dp/B0989HLF81?tag=eloabder-20&linkCode=osi&th=1&psc=1"><img src="https://m.media-amazon.com/images/I/51vzgnkbcjL._SL500_.jpg" alt="Product Image"></a><p>DEVAISE 3 Drawer Mobile File Cabinet, Wood Lateral Filing Cabinet, Printer Stand with Open Shelves for Home Office, Rustic Brown</p><p> -21% 0FF </p><p>$74.99</p><a href="https://www.amazon.com/dp/B0989HLF81?tag=eloabder-20&linkCode=osi&th=1&psc=1">View Product</a></div>
<div class="product"><a href="https://www.amazon.com/dp/B00006RSQD?tag=eloabder-20&linkCode=osi&th=1&psc=1"><img src="https://m.media-amazon.com/images/I/315rez3KpeL._SL500_.jpg" alt="Product Image"></a><p>Bush Business Furniture Series C 36W Tall 5 Shelf Bookcase in Hansen Cherry, Large Storage and Display Bookshelf for Home or Professional Office</p><p> -8% 0FF </p><p>$239.49</p><a href="https://www.amazon.com/dp/B00006RSQD?tag=eloabder-20&linkCode=osi&th=1&psc=1">View Product</a></div>
<div class="product"><a href="https://www.amazon.com/dp/B09F6JPYSY?tag=eloabder-20&linkCode=osi&th=1&psc=1"><img src="https://m.media-amazon.com/images/I/51fGLH7lhHL._SL500_.jpg" alt="Product Image"></a><p>SPACELEAD Slim Storage Cart 3 Tier,Bathroom Organizer Rolling Utility,Mobile Shelving Unit Slide Out for Office, Kitchen, Laundry Room & Narrow Places,Black</p><p> -30% 0FF </p><p>$20.99</p><a href="https://www.amazon.com/dp/B09F6JPYSY?tag=eloabder-20&linkCode=osi&th=1&psc=1">View Product</a></div><div class="product"><a href="https://www.amazon.com/dp/B08KFTVGQY?tag=eloabder-20&linkCode=osi&th=1&psc=1"><img src="https://m.media-amazon.com/images/I/51BjUEmGaiL._SL500_.jpg" alt="Product Image"></a><p>SONGMICS Cube Storage Organizer, Set of 16 Plastic Cubes, Closet Organizers and Storage, Room Organization, Bedroom Living Room, 12.2 x 48.4 x 48.4 Inches, Rustic Brown ULPC442A01</p><p> -15% 0FF </p><p>$46.99</p><a href="https://www.amazon.com/dp/B08KFTVGQY?tag=eloabder-20&linkCode=osi&th=1&psc=1">View Product</a></div><div class="product"><a href="https://www.amazon.com/dp/B0DG359YX5?tag=eloabder-20&linkCode=osi&th=1&psc=1"><img src="https://m.media-amazon.com/images/I/41OBXL4HJdL._SL500_.jpg" alt="Product Image"></a><p>VIVO Clamp-on 13 inch Above or Below Desk 2-Tier Shelving Unit for Table Accessories, Gaming Devices, and More, Storage Tray, Desktop Organizer, Rustic Vintage Brown, STAND-SHELF2C-N</p><p> -20% 0FF </p><p>$39.99</p><a href="https://www.amazon.com/dp/B0DG359YX5?tag=eloabder-20&linkCode=osi&th=1&psc=1">View Product</a></div><div class="product"><a href="https://www.amazon.com/dp/B0D7S5GGP6?tag=eloabder-20&linkCode=osi&th=1&psc=1"><img src="https://m.media-amazon.com/images/I/51EriWG2BLL._SL500_.jpg" alt="Product Image"></a><p>C&AHOME Wire Cube Storage, 9 - Cube Organizer Metal C Grids, Modular Shelves Units, Closet Organizer, Ideal for Home, Office, Living Room, 36.6”L x 12.4”W x 48.4”H, Silver Gray UWCS3009G</p><p> -33% 0FF </p><p>$28.87</p><a href="https://www.amazon.com/dp/B0D7S5GGP6?tag=eloabder-20&linkCode=osi&th=1&psc=1">View Product</a></div>
<div class="product"><a href="https://www.amazon.com/dp/B0B1M6ML2J?tag=eloabder-20&linkCode=osi&th=1&psc=1"><img src="https://m.media-amazon.com/images/I/51pX2Qo38JL._SL500_.jpg" alt="Product Image"></a><p>WOWBOX 25 PCS Clear Plastic Drawer Organizer Set, 4 Sizes Desk Drawer Divider Organizers and Storage Bins for Makeup, Jewelry, Gadgets for Kitchen, Bedroom, Bathroom, Office</p><p> -35% 0FF </p><p>$16.13 ($0.65 / Count)</p><a href="https://www.amazon.com/dp/B0B1M6ML2J?tag=eloabder-20&linkCode=osi&th=1&psc=1">View Product</a></div><div class="product"><a href="https://www.amazon.com/dp/B0DB8F7GDN?tag=eloabder-20&linkCode=osi&th=1&psc=1"><img src="https://m.media-amazon.com/images/I/51iOtKHzvCL._SL500_.jpg" alt="Product Image"></a><p>OPNICE Desk Organizer and Accessories, 2-Tier Computer Monitor Stand Riser with Drawer and 2 Pen Holders, Laptop Stand, Office Desk Accessories for Office Supplies, Black</p><p> -27% 0FF </p><p>$21.99</p><a href="https://www.amazon.com/dp/B0DB8F7GDN?tag=eloabder-20&linkCode=osi&th=1&psc=1">View Product</a></div><div class="product"><a href="https://www.amazon.com/dp/B0FQ86P4M3?tag=eloabder-20&linkCode=osi&th=1&psc=1"><img src="https://m.media-amazon.com/images/I/41ZDdyGnPxL._SL500_.jpg" alt="Product Image"></a><p>Mind Reader 2-Tier Desk Organizer with Clamp, Accessory Shelf for Office or Gaming, Office, Metal, White</p><p> -5% 0FF </p><p>$37.99</p><a href="https://www.amazon.com/dp/B0FQ86P4M3?tag=eloabder-20&linkCode=osi&th=1&psc=1">View Product</a></div><div class="product"><a href="https://www.amazon.com/dp/B0BYDGF8DT?tag=eloabder-20&linkCode=osi&th=1&psc=1"><img src="https://m.media-amazon.com/images/I/51sE2GzgVNL._SL500_.jpg" alt="Product Image"></a><p>OPNICE Desk Organizer and Accessories, 4-Tier Desktop File Organizer with Drawer and 2 Pen Holders, Office Desk Accessories, Workspace Organizers for Office Supplies(Black)</p><p> -33% 0FF </p><p>$19.99</p><a href="https://www.amazon.com/dp/B0BYDGF8DT?tag=eloabder-20&linkCode=osi&th=1&psc=1">View Product</a></div><div class="product"><a href="https://www.amazon.com/dp/B0DJKSMV2T?tag=eloabder-20&linkCode=osi&th=1&psc=1"><img src="https://m.media-amazon.com/images/I/41gO3CCIg1L._SL500_.jpg" alt="Product Image"></a><p>gianotter Dual Monitor Stand Riser, Desk Organizer With Drawer and 2 Pen Holders, Computer Monitor Stand, Shelf for Top of Desk, Black</p><p> -28% 0FF </p><p>$25.99</p><a href="https://www.amazon.com/dp/B0DJKSMV2T?tag=eloabder-20&linkCode=osi&th=1&psc=1">View Product</a></div><div class="product"><a href="https://www.amazon.com/dp/B0BWTT3WK1?tag=eloabder-20&linkCode=osi&th=1&psc=1"><img src="https://m.media-amazon.com/images/I/51JTe2SjicL._SL500_.jpg" alt="Product Image"></a><p>gianotter Desk Organizers and Accessories with File Holder, 4-Tier Desk Accessories & Workspace Organizers with Drawer and 2 Pen Holder, Paper Organizer for Office Supplies (Rose Gold)</p><p> -27% 0FF </p><p>$23.99</p><a href="https://www.amazon.com/dp/B0BWTT3WK1?tag=eloabder-20&linkCode=osi&th=1&psc=1">View Product</a></div><div class="product"><a href="https://www.amazon.com/dp/B09QKDY1YY?tag=eloabder-20&linkCode=osi&th=1&psc=1"><img src="https://m.media-amazon.com/images/I/519UVM73B6L._SL500_.jpg" alt="Product Image"></a><p>Supeasy 5 Trays Paper Organizer Letter Tray with Handle-Mesh Desk File Organizer, Paper Sorter Desk Organizer for Office, Home or School</p><p> -17% 0FF </p><p>$19.99</p><a href="https://www.amazon.com/dp/B09QKDY1YY?tag=eloabder-20&linkCode=osi&th=1&psc=1">View Product</a></div><div class="product"><a href="https://www.amazon.com/dp/B08PBFKGJG?tag=eloabder-20&linkCode=osi&th=1&psc=1"><img src="https://m.media-amazon.com/images/I/61WfW0WLsqL._SL500_.jpg" alt="Product Image"></a><p>Marbrasse 6 Tier Paper Organizer Letter Tray - Mesh Desk File Organizer with Handle, Paper Sorter Organizer for Letter/A4 Office File Folder Holder - Black</p><p> -23% 0FF </p><p>$19.98</p><a href="https://www.amazon.com/dp/B08PBFKGJG?tag=eloabder-20&linkCode=osi&th=1&psc=1">View Product</a></div><div class="product"><a href="https://www.amazon.com/dp/B09K5927B5?tag=eloabder-20&linkCode=osi&th=1&psc=1"><img src="https://m.media-amazon.com/images/I/51u5tZ4jR6L._SL500_.jpg" alt="Product Image"></a><p>Marbrasse Desk Organizer with File Holder, 5-Tier Paper Letter Tray Organizer with Drawer and 2 Pen Holder, Mesh Desktop Organizer and Storage with Magazine Holder for Office Supplies(Black)</p><p> -24% 0FF </p><p>$33.99</p><a href="https://www.amazon.com/dp/B09K5927B5?tag=eloabder-20&linkCode=osi&th=1&psc=1">View Product</a></div>
<div class="product"><a href="https://www.amazon.com/dp/B0CNXF7SVS?tag=eloabder-20&linkCode=osi&th=1&psc=1"><img src="https://m.media-amazon.com/images/I/51a6EswyTZL._SL500_.jpg" alt="Product Image"></a><p>Manalete Drawer Organizers Set of 15, 4 Sizes Clear Plastic Drawer Organizers and Storage Bins for Kitchen, Bathroom, Office, Dresser Desk Drawer Organizer Tray for Jewelry, Makeup, Junk, Gadgets</p><p> -29% 0FF </p><p>$9.99</p><a href="https://www.amazon.com/dp/B0CNXF7SVS?tag=eloabder-20&linkCode=osi&th=1&psc=1">View Product</a></div><div class="product"><a href="https://www.amazon.com/dp/B0CCY5X6SS?tag=eloabder-20&linkCode=osi&th=1&psc=1"><img src="https://m.media-amazon.com/images/I/41Iye-vPXJL._SL500_.jpg" alt="Product Image"></a><p>Bamboo Drawer Organizer Set, 5 PCS Multi-Use Individual Wood Storage Organizers, Junk Drawer Divider and Storage Trays Containers for Kitchen, Bathroom, Office Desk, Makeup, Jewelry, Utensils</p><p> -20% 0FF </p><p>$19.99 ($4.00 / Count)</p><a href="https://www.amazon.com/dp/B0CCY5X6SS?tag=eloabder-20&linkCode=osi&th=1&psc=1">View Product</a></div><div class="product"><a href="https://www.amazon.com/dp/B0CCDJQ7MM?tag=eloabder-20&linkCode=osi&th=1&psc=1"><img src="https://m.media-amazon.com/images/I/51kU0WJxdsL._SL500_.jpg" alt="Product Image"></a><p>Marbrasse Expandable Desk Drawer Organizer, Mesh Drawer Organizer Tray with 10 Adjustable Compartments, Desk Organizers and Accessories, 5 Dividers Drawer for Office Supplies, Makeup & Vanity (Black)</p><p> -15% 0FF </p><p>$17.84</p><a href="https://www.amazon.com/dp/B0CCDJQ7MM?tag=eloabder-20&linkCode=osi&th=1&psc=1">View Product</a></div><div class="product"><a href="https://www.amazon.com/dp/B0DM27MBZN?tag=eloabder-20&linkCode=osi&th=1&psc=1"><img src="https://m.media-amazon.com/images/I/41hAfSMnrZL._SL500_.jpg" alt="Product Image"></a><p>ElegantArray 12 PCS Drawer Organizer Set, 4 Sizes Storage Drawer Units, Clear Plastic Makeup Vanity Organizer and Storage Bins for Makeup, Stationeries, Multiple Gadgets for Bathroom, Office, Bedroom</p><p> -31% 0FF </p><p>$8.99</p><a href="https://www.amazon.com/dp/B0DM27MBZN?tag=eloabder-20&linkCode=osi&th=1&psc=1">View Product</a></div>
<div class="product"><a href="https://www.amazon.com/dp/B0C4T42TPC?tag=eloabder-20&linkCode=osi&th=1&psc=1"><img src="https://m.media-amazon.com/images/I/318IsyAsPXL._SL500_.jpg" alt="Product Image"></a><p>Adjustable Mobile CPU Stand, Ventilated Computer Tower Stand with 4 Caster Wheels Fits Most PC Tower, Under Desk CPU Holder PC Floor Cart Computer Riser for Gamers and Students (Black)</p><p> -21% 0FF </p><p>$14.21</p><a href="https://www.amazon.com/dp/B0C4T42TPC?tag=eloabder-20&linkCode=osi&th=1&psc=1">View Product</a></div><div class="product"><a href="https://www.amazon.com/dp/B094QTGHNZ?tag=eloabder-20&linkCode=osi&th=1&psc=1"><img src="https://m.media-amazon.com/images/I/31VzBQ+jwWL._SL500_.jpg" alt="Product Image"></a><p>WALI Computer Monitor Stand for Desk, Adjustable Laptop Riser, Desk Monitor Stand Underneath Storage for Office, Home, School Supplies (STT003), 1 Pack, Black</p><p> -32% 0FF </p><p>$16.99</p><a href="https://www.amazon.com/dp/B094QTGHNZ?tag=eloabder-20&linkCode=osi&th=1&psc=1">View Product</a></div><div class="product"><a href="https://www.amazon.com/dp/B07H4DMLVH?tag=eloabder-20&linkCode=osi&th=1&psc=1"><img src="https://m.media-amazon.com/images/I/31eTfKhpSWL._SL500_.jpg" alt="Product Image"></a><p>HUANUO Monitor Stand, Monitor Stand Riser 3 Height Adjustable, Monitor Riser with Airflow Vents, Laptop Stand for Desk, Laptop Riser, Desk Organizer for Monitor, 15.6" Laptop, PC, Printer</p><p> -11% 0FF </p><p>$15.19</p><a href="https://www.amazon.com/dp/B07H4DMLVH?tag=eloabder-20&linkCode=osi&th=1&psc=1">View Product</a></div><div class="product"><a href="https://www.amazon.com/dp/B0D69W6H91?tag=eloabder-20&linkCode=osi&th=1&psc=1"><img src="https://m.media-amazon.com/images/I/51rQI+gi3lL._SL500_.jpg" alt="Product Image"></a><p>JANE EYRE Computer Tower Stand - Adjustable PC Tower Stand CPU Holder Cart with Charging Station for Office Home Classroom,23.03"-28.3" H, black</p><p> -10% 0FF </p><p>$53.99</p><a href="https://www.amazon.com/dp/B0D69W6H91?tag=eloabder-20&linkCode=osi&th=1&psc=1">View Product</a></div><div class="product"><a href="https://www.amazon.com/dp/B0C4T34L9Y?tag=eloabder-20&linkCode=osi&th=1&psc=1"><img src="https://m.media-amazon.com/images/I/51BNMGXNOEL._SL500_.jpg" alt="Product Image"></a><p>BONTEC Wooden Monitor Stand Riser, 2-Tier Desk Shelf with Storage Organizer, Ergonomic Computer Stand with Cable Management, Cellphone Holder, White, 16.5 Inch</p><p> -33% 0FF </p><p>$18.04</p><a href="https://www.amazon.com/dp/B0C4T34L9Y?tag=eloabder-20&linkCode=osi&th=1&psc=1">View Product</a></div><div class="product"><a href="https://www.amazon.com/dp/B08BRCT4JH?tag=eloabder-20&linkCode=osi&th=1&psc=1"><img src="https://m.media-amazon.com/images/I/41Ga6A+cXbL._SL500_.jpg" alt="Product Image"></a><p>BESIGN LS03 Aluminum Laptop Stand, Ergonomic Detachable Computer Stand, Notebook Riser Compatible with Air, Pro, Dell, HP, Lenovo More 10-15.6" Laptops, Silver</p><p> -25% 0FF </p><p>$14.98</p><a href="https://www.amazon.com/dp/B08BRCT4JH?tag=eloabder-20&linkCode=osi&th=1&psc=1">View Product</a></div>
<div class="product"><a href="https://www.amazon.com/dp/B07Q79ZZJ6?tag=eloabder-20&linkCode=osi&th=1&psc=1"><img src="https://m.media-amazon.com/images/I/31-LBzENQIL._SL500_.jpg" alt="Product Image"></a><p>Single LCD Computer Monitor Free-Standing Desk Stand Mount Riser for 13 inch to 32 inch screen with Swivel, Height Adjustable, Rotation, Vesa Base Stand Holds One (1) Screen up to 77Lbs(HT05B-001))</p><p> -34% 0FF </p><p>$21.99</p><a href="https://www.amazon.com/dp/B07Q79ZZJ6?tag=eloabder-20&linkCode=osi&th=1&psc=1">View Product</a></div><div class="product"><a href="https://www.amazon.com/dp/B082845XM8?tag=eloabder-20&linkCode=osi&th=1&psc=1"><img src="https://m.media-amazon.com/images/I/41uRH1B7HgL._SL500_.jpg" alt="Product Image"></a><p>Dual Monitor Stand - Vertical Stack Screen Free-Standing Monitor Riser Fits Two 13 to 34 Inch Screen with Swivel, Tilt, Height Adjustable, Holds One (1) Screen Up to 44Lbs</p><p> -5% 0FF </p><p>$31.56</p><a href="https://www.amazon.com/dp/B082845XM8?tag=eloabder-20&linkCode=osi&th=1&psc=1">View Product</a></div><div class="product"><a href="https://www.amazon.com/dp/B00X4SCCFG?tag=eloabder-20&linkCode=osi&th=1&psc=1"><img src="https://m.media-amazon.com/images/I/21X2klzUZGL._SL500_.jpg" alt="Product Image"></a><p>Amazon Basics Height Adjustable Rectangular Computer Monitor Riser Desk Stand with Storage for Reduced Neck Strain - Fits Monitors, Laptops Up to 22lbs, Black</p><p> -35% 0FF </p><p>$14.06</p><a href="https://www.amazon.com/dp/B00X4SCCFG?tag=eloabder-20&linkCode=osi&th=1&psc=1">View Product</a></div>
<div class="product"><a href="https://www.amazon.com/dp/B07HFDJCSL?tag=eloabder-20&linkCode=osi&th=1&psc=1"><img src="https://m.media-amazon.com/images/I/41DR7qY1naL._SL500_.jpg" alt="Product Image"></a><p>VIVO Large Keyboard Tray Under Desk Pull Out with Extra Sturdy C Clamp Mount System, 27 (33 Including Clamps) x 11 Inch Slide-Out Platform Computer Drawer for Typing, Black, MOUNT-KB05E</p><p> -17% 0FF </p><p>$49.99</p><a href="https://www.amazon.com/dp/B07HFDJCSL?tag=eloabder-20&linkCode=osi&th=1&psc=1">View Product</a></div><div class="product"><a href="https://www.amazon.com/dp/B082NKBM62?tag=eloabder-20&linkCode=osi&th=1&psc=1"><img src="https://m.media-amazon.com/images/I/41qQ3p9-mrL._SL500_.jpg" alt="Product Image"></a><p>HUANUO Keyboard Tray Under Desk, 360 Adjustable Ergonomic Sliding Keyboard & Mouse Tray, Under Desk Keyboard Tray Slide Out, Keyboard Holder Under Desk for Typing in Home, Office Work, 25"W x 9.84"D</p><p> -33% 0FF </p><p>$59.98</p><a href="https://www.amazon.com/dp/B082NKBM62?tag=eloabder-20&linkCode=osi&th=1&psc=1">View Product</a></div><div class="product"><a href="https://www.amazon.com/dp/B0F23GTKHL?tag=eloabder-20&linkCode=osi&th=1&psc=1"><img src="https://m.media-amazon.com/images/I/41dmHoeznDL._SL500_.jpg" alt="Product Image"></a><p>Zontera Ergonomic Mouse & Keyboard Tray Under Desk, Pull Out with Adjustable C-clamp, 20 (25.9 Including Clamps) x 11.8 Inch Slide Out Computer Keyboard Drawer Mouse Tray for Typing, Black</p><p> -7% 0FF </p><p>$25.99</p><a href="https://www.amazon.com/dp/B0F23GTKHL?tag=eloabder-20&linkCode=osi&th=1&psc=1">View Product</a></div><div class="product"><a href="https://www.amazon.com/dp/B01IIGMBVI?tag=eloabder-20&linkCode=osi&th=1&psc=1"><img src="https://m.media-amazon.com/images/I/21Vw8003F0L._SL500_.jpg" alt="Product Image"></a><p>Alera ALE Valencia Series Underdesk Keyboard/Mouse Shelf, 28w x 12d, Black</p><p> -50% 0FF </p><p>$29.22</p><a href="https://www.amazon.com/dp/B01IIGMBVI?tag=eloabder-20&linkCode=osi&th=1&psc=1">View Product</a></div>
<div class="product"><a href="https://www.amazon.com/dp/B07C3XZMC6?tag=eloabder-20&linkCode=osi&th=1&psc=1"><img src="https://m.media-amazon.com/images/I/31Eojf7glwL._SL500_.jpg" alt="Product Image"></a><p>JIKIOU 3 Pack Mouse Pad with Stitched Edge, Comfortable Mouse Pads with Non-Slip Rubber Base, Washable Mousepads Bulk with Comfortable Cloth, Mouse Pads for Computers Laptop Mouse 10.2x8.3inch Black</p><p> -29% 0FF </p><p>$7.99</p><a href="https://www.amazon.com/dp/B07C3XZMC6?tag=eloabder-20&linkCode=osi&th=1&psc=1">View Product</a></div><div class="product"><a href="https://www.amazon.com/dp/B085XRMSTT?tag=eloabder-20&linkCode=osi&th=1&psc=1"><img src="https://m.media-amazon.com/images/I/31aDSI0sFoL._SL500_.jpg" alt="Product Image"></a><p>EooCoo Ergonomic Mouse Pad with Wrist Support, Mousepad with Memory Foam Wrist Rest and Non-Slip Base for Computer, Cafe, Home & Office, 9.64 x 8.26 in Office Desk Accessories</p><p> -36% 0FF </p><p>$6.99</p><a href="https://www.amazon.com/dp/B085XRMSTT?tag=eloabder-20&linkCode=osi&th=1&psc=1">View Product</a></div>
<div class="product"><a href="https://www.amazon.com/dp/B0BRCJL4MM?tag=eloabder-20&linkCode=osi&th=1&psc=1"><img src="https://m.media-amazon.com/images/I/41sggzaNbPL._SL500_.jpg" alt="Product Image"></a><p>Led Desk Lamp for Office Home - Eye Caring Architect lamp with Clamp,Dual Screen Computer Monitor Gooseneck Smart Light: 24W 5 Color Flexible Adjustable Lighting Table Lamp for Study Drafting</p><p> -13% 0FF </p><p>$69.99</p><a href="https://www.amazon.com/dp/B0BRCJL4MM?tag=eloabder-20&linkCode=osi&th=1&psc=1">View Product</a></div><div class="product"><a href="https://www.amazon.com/dp/B0BNHNG5CY?tag=eloabder-20&linkCode=osi&th=1&psc=1"><img src="https://m.media-amazon.com/images/I/51ccmdZe2YL._SL500_.jpg" alt="Product Image"></a><p>Micomlan Led Desk Lamp with Clamp, Architect Desk Lamp for Home Office with Atmosphere Lighting, 24W Ultra Bright Auto Dimming Computer Light Stepless Dimming and Tempering LED Table Light</p><p> -27% 0FF </p><p>$49.99</p><a href="https://www.amazon.com/dp/B0BNHNG5CY?tag=eloabder-20&linkCode=osi&th=1&psc=1">View Product</a></div><div class="product"><a href="https://www.amazon.com/dp/B078W61H9P?tag=eloabder-20&linkCode=osi&th=1&psc=1"><img src="https://m.media-amazon.com/images/I/31aebwb3nqL._SL500_.jpg" alt="Product Image"></a><p>LEPOWER Metal Desk Lamp, Eye-Caring Table Lamp, Study Lamps with Flexible Goose Neck for Bedroom, Home Office (Matte Black)</p><p> -24% 0FF </p><p>$24.99</p><a href="https://www.amazon.com/dp/B078W61H9P?tag=eloabder-20&linkCode=osi&th=1&psc=1">View Product</a></div><div class="product"><a href="https://www.amazon.com/dp/B0D1DLY4H4?tag=eloabder-20&linkCode=osi&th=1&psc=1"><img src="https://m.media-amazon.com/images/I/41sKiuSIwRL._SL500_.jpg" alt="Product Image"></a><p>SKYLEO Led Desk Lamp - Desk Light for 31.5" Tall - 5 Color Modes X 11 Brightness Levels - Adjustable Swing Arm - Timmer & Memory Function - 12W Lamp for Desk - Black</p><p> -23% 0FF </p><p>$19.99</p><a href="https://www.amazon.com/dp/B0D1DLY4H4?tag=eloabder-20&linkCode=osi&th=1&psc=1">View Product</a></div><div class="product"><a href="https://www.amazon.com/dp/B0D2LGK82V?tag=eloabder-20&linkCode=osi&th=1&psc=1"><img src="https://m.media-amazon.com/images/I/41UpQ-qygDL._SL500_.jpg" alt="Product Image"></a><p>Addtam LED Desk Lamp, Power Strip with 3 Outlets 4 USB Charging Ports(2 USBC), 4 Modes 5 Level Brightness Touch Lamp, Small Desk Lamp for Home Office College Dorm Room Essentials</p><p> -23% 0FF </p><p>$16.99</p><a href="https://www.amazon.com/dp/B0D2LGK82V?tag=eloabder-20&linkCode=osi&th=1&psc=1">View Product</a></div><div class="product"><a href="https://www.amazon.com/dp/B08LMTQ7ZF?tag=eloabder-20&linkCode=osi&th=1&psc=1"><img src="https://m.media-amazon.com/images/I/21vKPX2KHML._SL500_.jpg" alt="Product Image"></a><p>Lepro LED Desk Lamp for Home Office, 9.5W 750LM Metal Touch Control Desk Light, 5 Color Modes 5 Brightness Level, Eye Caring Task Lamp For Reading, Sewing, Crafts, School Supplies, Puzzle Light, Black</p><p> -13% 0FF </p><p>$24.99</p><a href="https://www.amazon.com/dp/B08LMTQ7ZF?tag=eloabder-20&linkCode=osi&th=1&psc=1">View Product</a></div>
<div class="product"><a href="https://www.amazon.com/dp/B0D7BXNDP4?tag=eloabder-20&linkCode=osi&th=1&psc=1"><img src="https://m.media-amazon.com/images/I/41DuEunZ1+L._SL500_.jpg" alt="Product Image"></a><p>Monitor Fan with Clamp & Light Bar Desk Lamp with fan for Office mini Desk fan small quiet with lamp for PC Laptops Tablet for Home Office Portable Working Reading Stand Lamp</p><p> -5% 0FF </p><p>$15.19</p><a href="https://www.amazon.com/dp/B0D7BXNDP4?tag=eloabder-20&linkCode=osi&th=1&psc=1">View Product</a></div><div class="product"><a href="https://www.amazon.com/dp/B07K1D41DC?tag=eloabder-20&linkCode=osi&th=1&psc=1"><img src="https://m.media-amazon.com/images/I/310MAouNV-L._SL500_.jpg" alt="Product Image"></a><p>OttLite Cool Breeze LED Lamp with Bladeless Fan - 3 Speed Options & 5 Brightness Settings with Energy Efficient Natural Daylight LEDs - Desktop, Table or Nightstand Lamp for Studying or Reading</p><p> -14% 0FF </p><p>$89.98</p><a href="https://www.amazon.com/dp/B07K1D41DC?tag=eloabder-20&linkCode=osi&th=1&psc=1">View Product</a></div>
<div class="product"><a href="https://www.amazon.com/dp/B0CXSXL1F2?tag=eloabder-20&linkCode=osi&th=1&psc=1"><img src="https://m.media-amazon.com/images/I/41H6cndt7iL._SL500_.jpg" alt="Product Image"></a><p>9 Pack Lined Sticky Notes 4x6 in Post Sticky Notes with Lines, 9 Bright Colors Self Sticky Notes Pad Its, Large Ruled Sticky Note for Office, Home, 35 Sheets/Pad</p><p> -33% 0FF </p><p>$7.99</p><a href="https://www.amazon.com/dp/B0CXSXL1F2?tag=eloabder-20&linkCode=osi&th=1&psc=1">View Product</a></div><div class="product"><a href="https://www.amazon.com/dp/B019QROV9S?tag=eloabder-20&linkCode=osi&th=1&psc=1"><img src="https://m.media-amazon.com/images/I/51OsStyntzL._SL500_.jpg" alt="Product Image"></a><p>Sharpie Clear View Highlighter Sticks, Chisel Tip, Assorted Fluorescent, 8 Count - School, Home, and Office Use, Teacher Supplies</p><p> -23% 0FF </p><p>$13.86</p><a href="https://www.amazon.com/dp/B019QROV9S?tag=eloabder-20&linkCode=osi&th=1&psc=1">View Product</a></div>
<div class="product"><a href="https://www.amazon.com/dp/B082PN4X5J?tag=eloabder-20&linkCode=osi&th=1&psc=1"><img src="https://m.media-amazon.com/images/I/51o+eA8g6nL._SL500_.jpg" alt="Product Image"></a><p>Sharpie S-Gel Gel Pens, Black Barrel, Medium Point (0.7mm), Black Gel Ink Pens, 12 Count - Home, Office, School, Journaling, Writing, Note-Taking, Teacher Supplies</p><p> -14% 0FF </p><p>$11.97</p><a href="https://www.amazon.com/dp/B082PN4X5J?tag=eloabder-20&linkCode=osi&th=1&psc=1">View Product</a></div><div class="product"><a href="https://www.amazon.com/dp/B0C9W8DD9S?tag=eloabder-20&linkCode=osi&th=1&psc=1"><img src="https://m.media-amazon.com/images/I/41mdSvEwNZL._SL500_.jpg" alt="Product Image"></a><p>Ddaowanx Gel Pens, 6 Pcs 0.5mm Quick Dry Black Ink Pens Fine Point Smooth Writing Pens, Cute Office School Supplies Gifts for Women</p><p> -10% 0FF </p><p>$8.99</p><a href="https://www.amazon.com/dp/B0C9W8DD9S?tag=eloabder-20&linkCode=osi&th=1&psc=1">View Product</a></div><div class="product"><a href="https://www.amazon.com/dp/B019QBOG3U?tag=eloabder-20&linkCode=osi&th=1&psc=1"><img src="https://m.media-amazon.com/images/I/416PjSebDoL._SL500_.jpg" alt="Product Image"></a><p>Paper Mate Colorful Gel Pens - InkJoy Gel Pens Assorted Medium Point (0.7). Perfect for Vibrant Colored Writing and Sketching with Paper Mate InkJoy 14 Count</p><p> -18% 0FF </p><p>$10.31</p><a href="https://www.amazon.com/dp/B019QBOG3U?tag=eloabder-20&linkCode=osi&th=1&psc=1">View Product</a></div><div class="product"><a href="https://www.amazon.com/dp/B0C73JDN4S?tag=eloabder-20&linkCode=osi&th=1&psc=1"><img src="https://m.media-amazon.com/images/I/51DJUUxL7HL._SL500_.jpg" alt="Product Image"></a><p>Linbsunne Ballpoint Pens Black Medium Point 1mm Pen with Super Soft Grip Ball Point Pen for Men Women Retractable Pens (gold-12 pcs)</p><p> -10% 0FF </p><p>$8.99</p><a href="https://www.amazon.com/dp/B0C73JDN4S?tag=eloabder-20&linkCode=osi&th=1&psc=1">View Product</a></div><div class="product"><a href="https://www.amazon.com/dp/B001OTA66O?tag=eloabder-20&linkCode=osi&th=1&psc=1"><img src="https://m.media-amazon.com/images/I/41yS5tBZQLL._SL500_.jpg" alt="Product Image"></a><p>BIC Glide Black Retractable Ballpoint Pens, Medium Point (1.0mm), 4-Count Pack, Ultra Smooth Writing Black Pens</p><p> -40% 0FF </p><p>$2.99</p><a href="https://www.amazon.com/dp/B001OTA66O?tag=eloabder-20&linkCode=osi&th=1&psc=1">View Product</a></div>
<div class="product"><a href="https://www.amazon.com/dp/B002HVXXCW?tag=eloabder-20&linkCode=osi&th=1&psc=1"><img src="https://m.media-amazon.com/images/I/41JeEedXCeL._SL500_.jpg" alt="Product Image"></a><p>Ticonderoga Wood-Cased Pencils, Pre-Sharpened, 2 HB Soft, Yellow, 10 Count</p><p> -58% 0FF </p><p>$2.49</p><a href="https://www.amazon.com/dp/B002HVXXCW?tag=eloabder-20&linkCode=osi&th=1&psc=1">View Product</a></div><div class="product"><a href="https://www.amazon.com/dp/B077Q4B6YN?tag=eloabder-20&linkCode=osi&th=1&psc=1"><img src="https://m.media-amazon.com/images/I/4160YcHGDNL._SL500_.jpg" alt="Product Image"></a><p>Paper Mate 2017483 Mechanical Pencils for Handwriting, Triangular, 5/PK, AST</p><p> -45% 0FF </p><p>$3.47</p><a href="https://www.amazon.com/dp/B077Q4B6YN?tag=eloabder-20&linkCode=osi&th=1&psc=1">View Product</a></div>
<div class="product"><a href="https://www.amazon.com/dp/B0D7YTZNRF?tag=eloabder-20&linkCode=osi&th=1&psc=1"><img src="https://m.media-amazon.com/images/I/41hSbSlNAmL._SL500_.jpg" alt="Product Image"></a><p>YASNAY Alcohol Markers, 48 Colors Dual Tip Art Marker, Drawing Markers, Coloring Marker for Kids Sketching Adult Coloring</p><p> -27% 0FF </p><p>$10.99</p><a href="https://www.amazon.com/dp/B0D7YTZNRF?tag=eloabder-20&linkCode=osi&th=1&psc=1">View Product</a></div><div class="product"><a href="https://www.amazon.com/dp/B07CJ8QXF8?tag=eloabder-20&linkCode=osi&th=1&psc=1"><img src="https://m.media-amazon.com/images/I/51bChi4-H4L._SL500_.jpg" alt="Product Image"></a><p>Dual Markers Brush Pens, 36 Fine Point Art Marker, Double Tip Colored Pen for Adult Coloring Hand Lettering, School Classroom Art Suppliers</p><p> -20% 0FF </p><p>$7.98</p><a href="https://www.amazon.com/dp/B07CJ8QXF8?tag=eloabder-20&linkCode=osi&th=1&psc=1">View Product</a></div><div class="product"><a href="https://www.amazon.com/dp/B071CP6X88?tag=eloabder-20&linkCode=osi&th=1&psc=1"><img src="https://m.media-amazon.com/images/I/41sNeEYkTNL._SL500_.jpg" alt="Product Image"></a><p>Crayola Super Tips Marker Set for Kids (100ct), Broad Tip & Fine Point Washable Art Markers for Kids, Bulk School Supplies, Teacher Classroom Must Haves, Drawing Supplies</p><p> -19% 0FF </p><p>$16.29</p><a href="https://www.amazon.com/dp/B071CP6X88?tag=eloabder-20&linkCode=osi&th=1&psc=1">View Product</a></div><div class="product"><a href="https://www.amazon.com/dp/B08MBFPFCQ?tag=eloabder-20&linkCode=osi&th=1&psc=1"><img src="https://m.media-amazon.com/images/I/51DaGL7Z4oL._SL500_.jpg" alt="Product Image"></a><p>Sharpie Permanent Markers Variety Pack, Includes Chisel, Fine, and Ultra-Fine Tips, Marker Set, Writing, Coloring, Poster, Office, School Supplies, Black, 6 Count</p><p> -19% 0FF </p><p>$4.63 ($0.77 / Count)</p><a href="https://www.amazon.com/dp/B08MBFPFCQ?tag=eloabder-20&linkCode=osi&th=1&psc=1">View Product</a></div>
<div class="product"><a href="https://www.amazon.com/dp/B09Y2KJ2KX?tag=eloabder-20&linkCode=osi&th=1&psc=1"><img src="https://m.media-amazon.com/images/I/41EhQr7suML._SL500_.jpg" alt="Product Image"></a><p>Sharpie Pocket Highlighters, Mild Pastel Colors, Assorted, Chisel Tip, 12 Count - School, Home, and Office Use, Teacher Supplies</p><p> -22% 0FF </p><p>$7.76 ($0.65 / Count)</p><a href="https://www.amazon.com/dp/B09Y2KJ2KX?tag=eloabder-20&linkCode=osi&th=1&psc=1">View Product</a></div><div class="product"><a href="https://www.amazon.com/dp/B08698MJWT?tag=eloabder-20&linkCode=osi&th=1&psc=1"><img src="https://m.media-amazon.com/images/I/512N7aYt5oL._SL500_.jpg" alt="Product Image"></a><p>Sharpie S-Note Creative Markers, Pastel Highlighters, Art Marker Set, Assorted Colors, Chisel Tip, 24 Count - School, Home, and Office Use, Teacher Supplies</p><p> -60% 0FF </p><p>$8.83</p><a href="https://www.amazon.com/dp/B08698MJWT?tag=eloabder-20&linkCode=osi&th=1&psc=1">View Product</a></div>
<div class="product"><a href="https://www.amazon.com/dp/B097DPQPYN?tag=eloabder-20&linkCode=osi&th=1&psc=1"><img src="https://m.media-amazon.com/images/I/51nFyQPtfkL._SL500_.jpg" alt="Product Image"></a><p>Sonuimy Pencil Sharpeners, 4 Pcs Pencil Sharpeners Manual,Dual Holes Compact Colored Handheld Pencil Sharpener for Kids with Lid Adults Students School Class Home Office (Covered)</p><p> -13% 0FF </p><p>$4.49</p><a href="https://www.amazon.com/dp/B097DPQPYN?tag=eloabder-20&linkCode=osi&th=1&psc=1">View Product</a></div><div class="product"><a href="https://www.amazon.com/dp/B000MFN1G8?tag=eloabder-20&linkCode=osi&th=1&psc=1"><img src="https://m.media-amazon.com/images/I/41JPflroUEL._SL500_.jpg" alt="Product Image"></a><p>Compact Desktop Electric Pencil Sharpener, Black, Sold as 1 Each</p><p> -21% 0FF </p><p>$15.89</p><a href="https://www.amazon.com/dp/B000MFN1G8?tag=eloabder-20&linkCode=osi&th=1&psc=1">View Product</a></div><div class="product"><a href="https://www.amazon.com/dp/B00125KXGI?tag=eloabder-20&linkCode=osi&th=1&psc=1"><img src="https://m.media-amazon.com/images/I/51avY0bZv6L._SL500_.jpg" alt="Product Image"></a><p>Bostitch Office Personal Electric Pencil Sharpener, Powerful Stall-Free Motor, High Capacity Shavings Tray, Blue</p><p> -13% 0FF </p><p>$17.48</p><a href="https://www.amazon.com/dp/B00125KXGI?tag=eloabder-20&linkCode=osi&th=1&psc=1">View Product</a></div><div class="product"><a href="https://www.amazon.com/dp/B078DZY9Z5?tag=eloabder-20&linkCode=osi&th=1&psc=1"><img src="https://m.media-amazon.com/images/I/41KbUFGrXfL._SL500_.jpg" alt="Product Image"></a><p>JARLINK Electric Pencil Sharpener, Heavy-Duty Helical Blade to Fast Sharpen, Auto Stop for No.2/Colored Pencils(6-8mm), AC Adapter/Battery Operated in School Classroom/Office/Home (Black)</p><p> -21% 0FF </p><p>$16.98</p><a href="https://www.amazon.com/dp/B078DZY9Z5?tag=eloabder-20&linkCode=osi&th=1&psc=1">View Product</a></div><div class="product"><a href="https://www.amazon.com/dp/B08DLXH86D?tag=eloabder-20&linkCode=osi&th=1&psc=1"><img src="https://m.media-amazon.com/images/I/41UghsnBycL._SL500_.jpg" alt="Product Image"></a><p>Aogwat Pencil Sharpener Electric Pencil Sharpener for Kids, Blade to Fast Sharpen, Suitable for No.2/School/Classroom/Office/Home (Black)</p><p> -23% 0FF </p><p>$9.99</p><a href="https://www.amazon.com/dp/B08DLXH86D?tag=eloabder-20&linkCode=osi&th=1&psc=1">View Product</a></div><div class="product"><a href="https://www.amazon.com/dp/B000GP0VIU?tag=eloabder-20&linkCode=osi&th=1&psc=1"><img src="https://m.media-amazon.com/images/I/318OKKSwzbL._SL500_.jpg" alt="Product Image"></a><p>Bostitch Office Wall Mount Manual Pencil Sharpener, Tip Saver, 8 Hole Dial, 6X Longer Cutter Life, Vertical or Horizontal Mounting Black (MPS1-BLK)</p><p> -9% 0FF </p><p>$13.18</p><a href="https://www.amazon.com/dp/B000GP0VIU?tag=eloabder-20&linkCode=osi&th=1&psc=1">View Product</a></div>
<div class="product"><a href="https://www.amazon.com/dp/B00094H4LU?tag=eloabder-20&linkCode=osi&th=1&psc=1"><img src="https://m.media-amazon.com/images/I/41f-fbZYU1L._SL500_.jpg" alt="Product Image"></a><p>Paper Mate Erasers | Pink Pearl Large Erasers 12 Count</p><p> -55% 0FF </p><p>$6.03</p><a href="https://www.amazon.com/dp/B00094H4LU?tag=eloabder-20&linkCode=osi&th=1&psc=1">View Product</a></div><div class="product"><a href="https://www.amazon.com/dp/B07DPVVMWB?tag=eloabder-20&linkCode=osi&th=1&psc=1"><img src="https://m.media-amazon.com/images/I/51wLlsENgiL._SL500_.jpg" alt="Product Image"></a><p>Mr. Pen Erasers for Pencils, 120 Pack, Pencil Top Erasers, Eraser Caps, Cap Tops, Topper Erasers. Ereaser</p><p> -24% 0FF </p><p>$5.95</p><a href="https://www.amazon.com/dp/B07DPVVMWB?tag=eloabder-20&linkCode=osi&th=1&psc=1">View Product</a></div><div class="product"><a href="https://www.amazon.com/dp/B07144DC8V?tag=eloabder-20&linkCode=osi&th=1&psc=1"><img src="https://m.media-amazon.com/images/I/51Ed1+HW9cL._SL500_.jpg" alt="Product Image"></a><p>Pentel Hi-Polymer Block Eraser, White, 10/Box (ZEH10PC10)</p><p> -44% 0FF </p><p>$9.99</p><a href="https://www.amazon.com/dp/B07144DC8V?tag=eloabder-20&linkCode=osi&th=1&psc=1">View Product</a></div><div class="product"><a href="https://www.amazon.com/dp/B0047CT6SE?tag=eloabder-20&linkCode=osi&th=1&psc=1"><img src="https://m.media-amazon.com/images/I/41bhWXKeeiL._SL500_.jpg" alt="Product Image"></a><p>Pentel Clic Retractable Eraser with Grip, 3 Pack</p><p> -29% 0FF </p><p>$4.77</p><a href="https://www.amazon.com/dp/B0047CT6SE?tag=eloabder-20&linkCode=osi&th=1&psc=1">View Product</a></div>
<div class="product"><a href="https://www.amazon.com/dp/B09S9X3HV7?tag=eloabder-20&linkCode=osi&th=1&psc=1"><img src="https://m.media-amazon.com/images/I/51GgMyfl5VL._SL500_.jpg" alt="Product Image"></a><p>Color Transparent Ruler Plastic Rulers - Ruler 12 inch, Kids Ruler for School, Ruler with Centimeters, Millimeter and Inches, Assorted Colors, Clear Rulers, 7 Pack School Rulers</p><p> -16% 0FF </p><p>$5.99</p><a href="https://www.amazon.com/dp/B09S9X3HV7?tag=eloabder-20&linkCode=osi&th=1&psc=1">View Product</a></div><div class="product"><a href="https://www.amazon.com/dp/B06XK9VQM4?tag=eloabder-20&linkCode=osi&th=1&psc=1"><img src="https://m.media-amazon.com/images/I/51Glln3n-nL._SL500_.jpg" alt="Product Image"></a><p>Outus 12 Pack Wood Ruler Bulk for Students Wooden School Rulers Gifts Office Classroom Measuring, 2 Scale, 12 Inch and 30 cm</p><p> -6% 0FF </p><p>$7.99</p><a href="https://www.amazon.com/dp/B06XK9VQM4?tag=eloabder-20&linkCode=osi&th=1&psc=1">View Product</a></div><div class="product"><a href="https://www.amazon.com/dp/B0B5MLTG7J?tag=eloabder-20&linkCode=osi&th=1&psc=1"><img src="https://m.media-amazon.com/images/I/51z9LUxLKmL._SL500_.jpg" alt="Product Image"></a><p>DAGONGREN 30 Pack Clear Plastic Rulers 12 Inch,Transparent Assorted Color Metric Bulk Rulers with Inches and Centimeters,Kids Ruler for School,Home,Office</p><p> -9% 0FF </p><p>$9.99</p><a href="https://www.amazon.com/dp/B0B5MLTG7J?tag=eloabder-20&linkCode=osi&th=1&psc=1">View Product</a></div><div class="product"><a href="https://www.amazon.com/dp/B096MPPF53?tag=eloabder-20&linkCode=osi&th=1&psc=1"><img src="https://m.media-amazon.com/images/I/51qUpElDRcS._SL500_.jpg" alt="Product Image"></a><p>Tenare 1 Set Plastic Clear Math Set Includes Protractor Triangle Rulers 12 Inch 6 Inch Straight Geometry Math Transparent Ruler Measuring Tool for School Office Home Supplies(Clear)</p><p> -25% 0FF </p><p>$5.98</p><a href="https://www.amazon.com/dp/B096MPPF53?tag=eloabder-20&linkCode=osi&th=1&psc=1">View Product</a></div>
<div class="product"><a href="https://www.amazon.com/dp/B07YDDX4JL?tag=eloabder-20&linkCode=osi&th=1&psc=1"><img src="https://m.media-amazon.com/images/I/41oBPZwCRLL._SL500_.jpg" alt="Product Image"></a><p>3-Pack 8" Heavy Duty Scissors with Ultra Sharp Blades and Comfort Grip Handles - For Office, Home, School, Sewing, and Crafts</p><p> -15% 0FF </p><p>$8.49 ($2.83 / Count)</p><a href="https://www.amazon.com/dp/B07YDDX4JL?tag=eloabder-20&linkCode=osi&th=1&psc=1">View Product</a></div><div class="product"><a href="https://www.amazon.com/dp/B01BRGU8R0?tag=eloabder-20&linkCode=osi&th=1&psc=1"><img src="https://m.media-amazon.com/images/I/41ANVra+eNL._SL500_.jpg" alt="Product Image"></a><p>Amazon Basics Stainless Steel Scissors for Office, Crafts, Multipurpose, Sharp, Comfort Grip, PVD Coated, 3 Pack, Multicolor</p><p> -45% 0FF </p><p>$7.55</p><a href="https://www.amazon.com/dp/B01BRGU8R0?tag=eloabder-20&linkCode=osi&th=1&psc=1">View Product</a></div><div class="product"><a href="https://www.amazon.com/dp/B000P0LNRE?tag=eloabder-20&linkCode=osi&th=1&psc=1"><img src="https://m.media-amazon.com/images/I/41fWgMTO0JL._SL500_.jpg" alt="Product Image"></a><p>Westcott 8-Inch Titanium-Bonded Scissors with Adjustable Glide Feature for Office and Home - Gray/Yellow, 2-Pack</p><p> -33% 0FF </p><p>$9.97</p><a href="https://www.amazon.com/dp/B000P0LNRE?tag=eloabder-20&linkCode=osi&th=1&psc=1">View Product</a></div>
<div class="product"><a href="https://www.amazon.com/dp/B074ZRZ4CZ?tag=eloabder-20&linkCode=osi&th=1&psc=1"><img src="https://m.media-amazon.com/images/I/41bu+HKxC2L._SL500_.jpg" alt="Product Image"></a><p>Swingline Commercial Stapler, 20 Sheet Capacity, Jam Free, Metal, 2 Pack, Black (44401AZ)</p><p> -5% 0FF </p><p>$18.98</p><a href="https://www.amazon.com/dp/B074ZRZ4CZ?tag=eloabder-20&linkCode=osi&th=1&psc=1">View Product</a></div><div class="product"><a href="https://www.amazon.com/dp/B001PME62K?tag=eloabder-20&linkCode=osi&th=1&psc=1"><img src="https://m.media-amazon.com/images/I/41gbaJu-3iL._SL500_.jpg" alt="Product Image"></a><p>Swingline Stapler, 40 Sheet Capacity, Optima 40, Jam Free, Reduced Effort, Soft Grip, Metal, Orange and Gray (87845)</p><p> -14% 0FF </p><p>$24.19</p><a href="https://www.amazon.com/dp/B001PME62K?tag=eloabder-20&linkCode=osi&th=1&psc=1">View Product</a></div><div class="product"><a href="https://www.amazon.com/dp/B0D2JBKYM1?tag=eloabder-20&linkCode=osi&th=1&psc=1"><img src="https://m.media-amazon.com/images/I/41zFTU9QpfL._SL500_.jpg" alt="Product Image"></a><p>Bostitch Office Stapler, No-Jam Premium for Desktop, Includes 1,250 Staples, Full-Strip, 25 Sheet Capacity, Black</p><p> -26% 0FF </p><p>$6.99</p><a href="https://www.amazon.com/dp/B0D2JBKYM1?tag=eloabder-20&linkCode=osi&th=1&psc=1">View Product</a></div><div class="product"><a href="https://www.amazon.com/dp/B0CC5GJKM1?tag=eloabder-20&linkCode=osi&th=1&psc=1"><img src="https://m.media-amazon.com/images/I/41JDDoSZQiL._SL500_.jpg" alt="Product Image"></a><p>Metal Stapler Heavy Duty 50 Sheet Capacity with 1750 Staples and Staple Remover, Full Strip Staplers for Desk, No Jam, Non-Slip for Office & Classroom, Black</p><p> -33% 0FF </p><p>$13.29</p><a href="https://www.amazon.com/dp/B0CC5GJKM1?tag=eloabder-20&linkCode=osi&th=1&psc=1">View Product</a></div><div class="product"><a href="https://www.amazon.com/dp/B0006HUQZ6?tag=eloabder-20&linkCode=osi&th=1&psc=1"><img src="https://m.media-amazon.com/images/I/31e-T-f1TGL._SL500_.jpg" alt="Product Image"></a><p>Swingline Stapler, 30 Sheet Capacity, 747 Business Stapler, Jam Free, Metal, Rio Red (74736)</p><p> -23% 0FF </p><p>$15.30</p><a href="https://www.amazon.com/dp/B0006HUQZ6?tag=eloabder-20&linkCode=osi&th=1&psc=1">View Product</a></div>
<div class="product"><a href="https://www.amazon.com/dp/B00J8PJJF0?tag=eloabder-20&linkCode=osi&th=1&psc=1"><img src="https://m.media-amazon.com/images/I/418dc+5ZGkL._SL500_.jpg" alt="Product Image"></a><p>Bostitch Office Premium Standard Staples, 1/4" Full Strip, Box of 5,000 Staples</p><p> -27% 0FF </p><p>$4.39</p><a href="https://www.amazon.com/dp/B00J8PJJF0?tag=eloabder-20&linkCode=osi&th=1&psc=1">View Product</a></div><div class="product"><a href="https://www.amazon.com/dp/B079VYR12V?tag=eloabder-20&linkCode=osi&th=1&psc=1"><img src="https://m.media-amazon.com/images/I/51xAt88vqrL._SL500_.jpg" alt="Product Image"></a><p>Officemate Standard Staples, 10 Boxes General Purpose Staple (91950)</p><p> -10% 0FF </p><p>$14.37</p><a href="https://www.amazon.com/dp/B079VYR12V?tag=eloabder-20&linkCode=osi&th=1&psc=1">View Product</a></div><div class="product"><a href="https://www.amazon.com/dp/B00006IFMQ?tag=eloabder-20&linkCode=osi&th=1&psc=1"><img src="https://m.media-amazon.com/images/I/51UsWZuFq8L._SL500_.jpg" alt="Product Image"></a><p>Bostitch Office B8 PowerCrown 0.25 Inch Staples, Pack of 5,000 Staples (STCRP21151/4), Silver</p><p> -30% 0FF </p><p>$2.33</p><a href="https://www.amazon.com/dp/B00006IFMQ?tag=eloabder-20&linkCode=osi&th=1&psc=1">View Product</a></div>
<div class="product"><a href="https://www.amazon.com/dp/B000J07BRQ?tag=eloabder-20&linkCode=osi&th=1&psc=1"><img src="https://m.media-amazon.com/images/I/51QpJKjajbL._SL500_.jpg" alt="Product Image"></a><p>Scotch Heavy Duty Shipping Packing Tape, Clear, Packing Tape for Moving Boxes and Packaging Supplies, 1.88 in. x 22.2 yd., 6 Roll Dispensers, Moving Supplies</p><p> -35% 0FF </p><p>$12.99</p><a href="https://www.amazon.com/dp/B000J07BRQ?tag=eloabder-20&linkCode=osi&th=1&psc=1">View Product</a></div><div class="product"><a href="https://www.amazon.com/dp/B0000DH8HQ?tag=eloabder-20&linkCode=osi&th=1&psc=1"><img src="https://m.media-amazon.com/images/I/414lAY+087L._SL500_.jpg" alt="Product Image"></a><p>Scotch Magic Tape, Invisible Transparent Tape, 6 Tape Rolls with Dispensers, 3/4 in x 650 in</p><p> -23% 0FF </p><p>$12.34</p><a href="https://www.amazon.com/dp/B0000DH8HQ?tag=eloabder-20&linkCode=osi&th=1&psc=1">View Product</a></div><div class="product"><a href="https://www.amazon.com/dp/B0DQHV6X92?tag=eloabder-20&linkCode=osi&th=1&psc=1"><img src="https://m.media-amazon.com/images/I/51ViCFlgldL._SL500_.jpg" alt="Product Image"></a><p>BeataTap Tape, Invisible Tape, 6 Rolls + 6 Refillable Dispensers, Matte Finish, Writable, 3/4″ x 650″, Transparent Tape, Clear Tape for Gift Wrapping Paper, School Supplies</p><p> -15% 0FF </p><p>$5.94 ($0.99 / Count)</p><a href="https://www.amazon.com/dp/B0DQHV6X92?tag=eloabder-20&linkCode=osi&th=1&psc=1">View Product</a></div><div class="product"><a href="https://www.amazon.com/dp/B07CB6LN5S?tag=eloabder-20&linkCode=osi&th=1&psc=1"><img src="https://m.media-amazon.com/images/I/41NNyeISnjL._SL500_.jpg" alt="Product Image"></a><p>Scotch Super-Hold Tape, 2 Rolls, Transparent Finish, 50% More Adhesive, Trusted Favorite, 3/4 x 600 Inches, Dispensered (198DM-2)</p><p> -30% 0FF </p><p>$5.97</p><a href="https://www.amazon.com/dp/B07CB6LN5S?tag=eloabder-20&linkCode=osi&th=1&psc=1">View Product</a></div><div class="product"><a href="https://www.amazon.com/dp/B00464740A?tag=eloabder-20&linkCode=osi&th=1&psc=1"><img src="https://m.media-amazon.com/images/I/51ZPFoiGfuL._SL500_.jpg" alt="Product Image"></a><p>Scotch Sure Start Shipping Packaging Tape, 1.88" x 22.2 yd, Designed for Packing, Shipping and Mailing, Quiet Unwind, No Splitting or Tearing, 1.5" Core, Clear, 6 Dispensered Rolls (145-6)</p><p> -28% 0FF </p><p>$13.48</p><a href="https://www.amazon.com/dp/B00464740A?tag=eloabder-20&linkCode=osi&th=1&psc=1">View Product</a></div><div class="product"><a href="https://www.amazon.com/dp/B09C6LLG9P?tag=eloabder-20&linkCode=osi&th=1&psc=1"><img src="https://m.media-amazon.com/images/I/41rbv66ZNBL._SL500_.jpg" alt="Product Image"></a><p>Scotch Box Lock Packaging Tape, 1 Roll with Dispenser, 1.88 in x 1000 in, Extreme Grip, Sticks Instantly to Any Box (195L)</p><p> -31% 0FF </p><p>$4.12</p><a href="https://www.amazon.com/dp/B09C6LLG9P?tag=eloabder-20&linkCode=osi&th=1&psc=1">View Product</a></div>
<div class="product"><a href="https://www.amazon.com/dp/B08QQZ71CV?tag=eloabder-20&linkCode=osi&th=1&psc=1"><img src="https://m.media-amazon.com/images/I/51Foz0aGYoS._SL500_.jpg" alt="Product Image"></a><p>Gorilla Super Glue, Clear Glue, Four 3 Gram Tubes (Pack of 1) - All Purpose and Fast Setting for Projects and Repairs</p><p> -25% 0FF </p><p>$9.49 ($22.60 / Ounce)</p><a href="https://www.amazon.com/dp/B08QQZ71CV?tag=eloabder-20&linkCode=osi&th=1&psc=1">View Product</a></div><div class="product"><a href="https://www.amazon.com/dp/B07J6R3GK7?tag=eloabder-20&linkCode=osi&th=1&psc=1"><img src="https://m.media-amazon.com/images/I/31kdOjGBkpL._SL500_.jpg" alt="Product Image"></a><p>Amazon Basics All Purpose Washable School Clear Liquid Glue - Great for Making Slime, 128 fl oz</p><p> -6% 0FF </p><p>$16.13</p><a href="https://www.amazon.com/dp/B07J6R3GK7?tag=eloabder-20&linkCode=osi&th=1&psc=1">View Product</a></div><div class="product"><a href="https://www.amazon.com/dp/B00178QQJ8?tag=eloabder-20&linkCode=osi&th=1&psc=1"><img src="https://m.media-amazon.com/images/I/41zs6k410RL._SL500_.jpg" alt="Product Image"></a><p>Mod Podge Gloss Sealer, Glue & Finish: All-in-One Craft Solution- Quick Dry, Easy Clean, for Wood, Paper, Fabric & More. Non-Toxic - Craft with Confidence, Made in USA, 16 oz., Pack of 1</p><p> -36% 0FF </p><p>$7.99 ($0.50 / Fl Oz)</p><a href="https://www.amazon.com/dp/B00178QQJ8?tag=eloabder-20&linkCode=osi&th=1&psc=1">View Product</a></div><div class="product"><a href="https://www.amazon.com/dp/B073V14DZJ?tag=eloabder-20&linkCode=osi&th=1&psc=1"><img src="https://m.media-amazon.com/images/I/31Iyy5+vk6L._SL500_.jpg" alt="Product Image"></a><p>Amazon Basics All Purpose Washable School Craft Liquid Glue for Making Slime, White, Single Pack, 1 Gallon</p><p> -7% 0FF </p><p>$15.54</p><a href="https://www.amazon.com/dp/B073V14DZJ?tag=eloabder-20&linkCode=osi&th=1&psc=1">View Product</a></div><div class="product"><a href="https://www.amazon.com/dp/B0006HUJCQ?tag=eloabder-20&linkCode=osi&th=1&psc=1"><img src="https://m.media-amazon.com/images/I/511pTqChTCL._SL500_.jpg" alt="Product Image"></a><p>Loctite Super Glue Gel Control, Clear, 0.14 fl oz Bottle, 1 Pack - Superglue for Plastic, Wood, Metal, Crafts & Repair, Cyanoacrylate Adhesive Instant Glue, Quick Dry</p><p> -13% 0FF </p><p>$3.64 ($26.00 / Fl Oz)</p><a href="https://www.amazon.com/dp/B0006HUJCQ?tag=eloabder-20&linkCode=osi&th=1&psc=1">View Product</a></div>
<div class="product"><a href="https://www.amazon.com/dp/B074XTRX7K?tag=eloabder-20&linkCode=osi&th=1&psc=1"><img src="https://m.media-amazon.com/images/I/31rOPIrMfDL._SL500_.jpg" alt="Product Image"></a><p>Amazon Basics Sturdy Binder Clips for Office Use, 96 Count (8 Pack of 12), Medium, 1.25 in, Black</p><p> -26% 0FF </p><p>$7.48</p><a href="https://www.amazon.com/dp/B074XTRX7K?tag=eloabder-20&linkCode=osi&th=1&psc=1">View Product</a></div><div class="product"><a href="https://www.amazon.com/dp/B00TQ8FDB8?tag=eloabder-20&linkCode=osi&th=1&psc=1"><img src="https://m.media-amazon.com/images/I/51y7lUrMLnL._SL500_.jpg" alt="Product Image"></a><p>ACCO Binder Clips, Medium, Black, 12 per Box, 2 Boxes (72062)</p><p> -25% 0FF </p><p>$5.96</p><a href="https://www.amazon.com/dp/B00TQ8FDB8?tag=eloabder-20&linkCode=osi&th=1&psc=1">View Product</a></div><div class="product"><a href="https://www.amazon.com/dp/B08KWCDP3C?tag=eloabder-20&linkCode=osi&th=1&psc=1"><img src="https://m.media-amazon.com/images/I/41qucDz6HuL._SL500_.jpg" alt="Product Image"></a><p>Ufmarine Medium Binder Clips 1.25 inch Length, (40 Pcs) Colorful Paper Clips Medium for Office</p><p> -12% 0FF </p><p>$5.99</p><a href="https://www.amazon.com/dp/B08KWCDP3C?tag=eloabder-20&linkCode=osi&th=1&psc=1">View Product</a></div>
<div class="product"><a href="https://www.amazon.com/dp/B09XQLJFDD?tag=eloabder-20&linkCode=osi&th=1&psc=1"><img src="https://m.media-amazon.com/images/I/41iiSFMy4uL._SL500_.jpg" alt="Product Image"></a><p>PAPERPAL Paperclips for Office School & Personal Use, #1 Nonskid Paper Clip (1-2/7"), 600 Medium Paper Clips (6 Boxes of 100 Each), Silver</p><p> -20% 0FF </p><p>$7.99</p><a href="https://www.amazon.com/dp/B09XQLJFDD?tag=eloabder-20&linkCode=osi&th=1&psc=1">View Product</a></div>


<div class="product"><a href="https://www.amazon.com/dp/B0033J6V3A?tag=eloabder-20&linkCode=osi&th=1&psc=1"><img src="https://m.media-amazon.com/images/I/21o5ASbichL._SL500_.jpg" alt="Product Image"></a><p>NuSparc 2 Drawer Locking Filing Cabinet | Pre-Assembled Steel Construction | Space-Saving Design is Perfect for Home and Small Office | Letter-Size | Assembled in North America</p><p> -14% 0FF </p><p>$76.99</p><a href="https://www.amazon.com/dp/B0033J6V3A?tag=eloabder-20&linkCode=osi&th=1&psc=1">View Product</a></div><div class="product"><a href="https://www.amazon.com/dp/B0D9XYD75W?tag=eloabder-20&linkCode=osi&th=1&psc=1"><img src="https://m.media-amazon.com/images/I/31VM3xK++PL._SL500_.jpg" alt="Product Image"></a><p>BYNSOE 2 Drawer File Cabinet with Lock Vertical Filing Storage Cabinet Office Home Steel Vertical File Cabinets for Letter Size File Cabinet Locked,Assembly Required</p><p> -8% 0FF </p><p>$54.99</p><a href="https://www.amazon.com/dp/B0D9XYD75W?tag=eloabder-20&linkCode=osi&th=1&psc=1">View Product</a></div><div class="product"><a href="https://www.amazon.com/dp/B0989HLF81?tag=eloabder-20&linkCode=osi&th=1&psc=1"><img src="https://m.media-amazon.com/images/I/51vzgnkbcjL._SL500_.jpg" alt="Product Image"></a><p>DEVAISE 3 Drawer Mobile File Cabinet, Wood Lateral Filing Cabinet, Printer Stand with Open Shelves for Home Office, Rustic Brown</p><p> -21% 0FF </p><p>$74.99</p><a href="https://www.amazon.com/dp/B0989HLF81?tag=eloabder-20&linkCode=osi&th=1&psc=1">View Product</a></div>
<div class="product"><a href="https://www.amazon.com/dp/B00006RSQD?tag=eloabder-20&linkCode=osi&th=1&psc=1"><img src="https://m.media-amazon.com/images/I/315rez3KpeL._SL500_.jpg" alt="Product Image"></a><p>Bush Business Furniture Series C 36W Tall 5 Shelf Bookcase in Hansen Cherry, Large Storage and Display Bookshelf for Home or Professional Office</p><p> -8% 0FF </p><p>$239.49</p><a href="https://www.amazon.com/dp/B00006RSQD?tag=eloabder-20&linkCode=osi&th=1&psc=1">View Product</a></div>
<div class="product"><a href="https://www.amazon.com/dp/B09F6JPYSY?tag=eloabder-20&linkCode=osi&th=1&psc=1"><img src="https://m.media-amazon.com/images/I/51fGLH7lhHL._SL500_.jpg" alt="Product Image"></a><p>SPACELEAD Slim Storage Cart 3 Tier,Bathroom Organizer Rolling Utility,Mobile Shelving Unit Slide Out for Office, Kitchen, Laundry Room & Narrow Places,Black</p><p> -30% 0FF </p><p>$20.99</p><a href="https://www.amazon.com/dp/B09F6JPYSY?tag=eloabder-20&linkCode=osi&th=1&psc=1">View Product</a></div><div class="product"><a href="https://www.amazon.com/dp/B08KFTVGQY?tag=eloabder-20&linkCode=osi&th=1&psc=1"><img src="https://m.media-amazon.com/images/I/51BjUEmGaiL._SL500_.jpg" alt="Product Image"></a><p>SONGMICS Cube Storage Organizer, Set of 16 Plastic Cubes, Closet Organizers and Storage, Room Organization, Bedroom Living Room, 12.2 x 48.4 x 48.4 Inches, Rustic Brown ULPC442A01</p><p> -15% 0FF </p><p>$46.99</p><a href="https://www.amazon.com/dp/B08KFTVGQY?tag=eloabder-20&linkCode=osi&th=1&psc=1">View Product</a></div><div class="product"><a href="https://www.amazon.com/dp/B0DG359YX5?tag=eloabder-20&linkCode=osi&th=1&psc=1"><img src="https://m.media-amazon.com/images/I/41OBXL4HJdL._SL500_.jpg" alt="Product Image"></a><p>VIVO Clamp-on 13 inch Above or Below Desk 2-Tier Shelving Unit for Table Accessories, Gaming Devices, and More, Storage Tray, Desktop Organizer, Rustic Vintage Brown, STAND-SHELF2C-N</p><p> -20% 0FF </p><p>$39.99</p><a href="https://www.amazon.com/dp/B0DG359YX5?tag=eloabder-20&linkCode=osi&th=1&psc=1">View Product</a></div><div class="product"><a href="https://www.amazon.com/dp/B0D7S5GGP6?tag=eloabder-20&linkCode=osi&th=1&psc=1"><img src="https://m.media-amazon.com/images/I/51EriWG2BLL._SL500_.jpg" alt="Product Image"></a><p>C&AHOME Wire Cube Storage, 9 - Cube Organizer Metal C Grids, Modular Shelves Units, Closet Organizer, Ideal for Home, Office, Living Room, 36.6”L x 12.4”W x 48.4”H, Silver Gray UWCS3009G</p><p> -33% 0FF </p><p>$28.87</p><a href="https://www.amazon.com/dp/B0D7S5GGP6?tag=eloabder-20&linkCode=osi&th=1&psc=1">View Product</a></div>
<div class="product"><a href="https://www.amazon.com/dp/B0B1M6ML2J?tag=eloabder-20&linkCode=osi&th=1&psc=1"><img src="https://m.media-amazon.com/images/I/51pX2Qo38JL._SL500_.jpg" alt="Product Image"></a><p>WOWBOX 25 PCS Clear Plastic Drawer Organizer Set, 4 Sizes Desk Drawer Divider Organizers and Storage Bins for Makeup, Jewelry, Gadgets for Kitchen, Bedroom, Bathroom, Office</p><p> -35% 0FF </p><p>$16.13 ($0.65 / Count)</p><a href="https://www.amazon.com/dp/B0B1M6ML2J?tag=eloabder-20&linkCode=osi&th=1&psc=1">View Product</a></div><div class="product"><a href="https://www.amazon.com/dp/B0DB8F7GDN?tag=eloabder-20&linkCode=osi&th=1&psc=1"><img src="https://m.media-amazon.com/images/I/51iOtKHzvCL._SL500_.jpg" alt="Product Image"></a><p>OPNICE Desk Organizer and Accessories, 2-Tier Computer Monitor Stand Riser with Drawer and 2 Pen Holders, Laptop Stand, Office Desk Accessories for Office Supplies, Black</p><p> -27% 0FF </p><p>$21.99</p><a href="https://www.amazon.com/dp/B0DB8F7GDN?tag=eloabder-20&linkCode=osi&th=1&psc=1">View Product</a></div><div class="product"><a href="https://www.amazon.com/dp/B0FQ86P4M3?tag=eloabder-20&linkCode=osi&th=1&psc=1"><img src="https://m.media-amazon.com/images/I/41ZDdyGnPxL._SL500_.jpg" alt="Product Image"></a><p>Mind Reader 2-Tier Desk Organizer with Clamp, Accessory Shelf for Office or Gaming, Office, Metal, White</p><p> -5% 0FF </p><p>$37.99</p><a href="https://www.amazon.com/dp/B0FQ86P4M3?tag=eloabder-20&linkCode=osi&th=1&psc=1">View Product</a></div><div class="product"><a href="https://www.amazon.com/dp/B0BYDGF8DT?tag=eloabder-20&linkCode=osi&th=1&psc=1"><img src="https://m.media-amazon.com/images/I/51sE2GzgVNL._SL500_.jpg" alt="Product Image"></a><p>OPNICE Desk Organizer and Accessories, 4-Tier Desktop File Organizer with Drawer and 2 Pen Holders, Office Desk Accessories, Workspace Organizers for Office Supplies(Black)</p><p> -33% 0FF </p><p>$19.99</p><a href="https://www.amazon.com/dp/B0BYDGF8DT?tag=eloabder-20&linkCode=osi&th=1&psc=1">View Product</a></div><div class="product"><a href="https://www.amazon.com/dp/B0DJKSMV2T?tag=eloabder-20&linkCode=osi&th=1&psc=1"><img src="https://m.media-amazon.com/images/I/41gO3CCIg1L._SL500_.jpg" alt="Product Image"></a><p>gianotter Dual Monitor Stand Riser, Desk Organizer With Drawer and 2 Pen Holders, Computer Monitor Stand, Shelf for Top of Desk, Black</p><p> -28% 0FF </p><p>$25.99</p><a href="https://www.amazon.com/dp/B0DJKSMV2T?tag=eloabder-20&linkCode=osi&th=1&psc=1">View Product</a></div><div class="product"><a href="https://www.amazon.com/dp/B0BWTT3WK1?tag=eloabder-20&linkCode=osi&th=1&psc=1"><img src="https://m.media-amazon.com/images/I/51JTe2SjicL._SL500_.jpg" alt="Product Image"></a><p>gianotter Desk Organizers and Accessories with File Holder, 4-Tier Desk Accessories & Workspace Organizers with Drawer and 2 Pen Holder, Paper Organizer for Office Supplies (Rose Gold)</p><p> -27% 0FF </p><p>$23.99</p><a href="https://www.amazon.com/dp/B0BWTT3WK1?tag=eloabder-20&linkCode=osi&th=1&psc=1">View Product</a></div><div class="product"><a href="https://www.amazon.com/dp/B09QKDY1YY?tag=eloabder-20&linkCode=osi&th=1&psc=1"><img src="https://m.media-amazon.com/images/I/519UVM73B6L._SL500_.jpg" alt="Product Image"></a><p>Supeasy 5 Trays Paper Organizer Letter Tray with Handle-Mesh Desk File Organizer, Paper Sorter Desk Organizer for Office, Home or School</p><p> -17% 0FF </p><p>$19.99</p><a href="https://www.amazon.com/dp/B09QKDY1YY?tag=eloabder-20&linkCode=osi&th=1&psc=1">View Product</a></div><div class="product"><a href="https://www.amazon.com/dp/B08PBFKGJG?tag=eloabder-20&linkCode=osi&th=1&psc=1"><img src="https://m.media-amazon.com/images/I/61WfW0WLsqL._SL500_.jpg" alt="Product Image"></a><p>Marbrasse 6 Tier Paper Organizer Letter Tray - Mesh Desk File Organizer with Handle, Paper Sorter Organizer for Letter/A4 Office File Folder Holder - Black</p><p> -23% 0FF </p><p>$19.98</p><a href="https://www.amazon.com/dp/B08PBFKGJG?tag=eloabder-20&linkCode=osi&th=1&psc=1">View Product</a></div><div class="product"><a href="https://www.amazon.com/dp/B09K5927B5?tag=eloabder-20&linkCode=osi&th=1&psc=1"><img src="https://m.media-amazon.com/images/I/51u5tZ4jR6L._SL500_.jpg" alt="Product Image"></a><p>Marbrasse Desk Organizer with File Holder, 5-Tier Paper Letter Tray Organizer with Drawer and 2 Pen Holder, Mesh Desktop Organizer and Storage with Magazine Holder for Office Supplies(Black)</p><p> -24% 0FF </p><p>$33.99</p><a href="https://www.amazon.com/dp/B09K5927B5?tag=eloabder-20&linkCode=osi&th=1&psc=1">View Product</a></div>
<div class="product"><a href="https://www.amazon.com/dp/B0CNXF7SVS?tag=eloabder-20&linkCode=osi&th=1&psc=1"><img src="https://m.media-amazon.com/images/I/51a6EswyTZL._SL500_.jpg" alt="Product Image"></a><p>Manalete Drawer Organizers Set of 15, 4 Sizes Clear Plastic Drawer Organizers and Storage Bins for Kitchen, Bathroom, Office, Dresser Desk Drawer Organizer Tray for Jewelry, Makeup, Junk, Gadgets</p><p> -29% 0FF </p><p>$9.99</p><a href="https://www.amazon.com/dp/B0CNXF7SVS?tag=eloabder-20&linkCode=osi&th=1&psc=1">View Product</a></div><div class="product"><a href="https://www.amazon.com/dp/B0CCY5X6SS?tag=eloabder-20&linkCode=osi&th=1&psc=1"><img src="https://m.media-amazon.com/images/I/41Iye-vPXJL._SL500_.jpg" alt="Product Image"></a><p>Bamboo Drawer Organizer Set, 5 PCS Multi-Use Individual Wood Storage Organizers, Junk Drawer Divider and Storage Trays Containers for Kitchen, Bathroom, Office Desk, Makeup, Jewelry, Utensils</p><p> -20% 0FF </p><p>$19.99 ($4.00 / Count)</p><a href="https://www.amazon.com/dp/B0CCY5X6SS?tag=eloabder-20&linkCode=osi&th=1&psc=1">View Product</a></div><div class="product"><a href="https://www.amazon.com/dp/B0CCDJQ7MM?tag=eloabder-20&linkCode=osi&th=1&psc=1"><img src="https://m.media-amazon.com/images/I/51kU0WJxdsL._SL500_.jpg" alt="Product Image"></a><p>Marbrasse Expandable Desk Drawer Organizer, Mesh Drawer Organizer Tray with 10 Adjustable Compartments, Desk Organizers and Accessories, 5 Dividers Drawer for Office Supplies, Makeup & Vanity (Black)</p><p> -15% 0FF </p><p>$17.84</p><a href="https://www.amazon.com/dp/B0CCDJQ7MM?tag=eloabder-20&linkCode=osi&th=1&psc=1">View Product</a></div><div class="product"><a href="https://www.amazon.com/dp/B0DM27MBZN?tag=eloabder-20&linkCode=osi&th=1&psc=1"><img src="https://m.media-amazon.com/images/I/41hAfSMnrZL._SL500_.jpg" alt="Product Image"></a><p>ElegantArray 12 PCS Drawer Organizer Set, 4 Sizes Storage Drawer Units, Clear Plastic Makeup Vanity Organizer and Storage Bins for Makeup, Stationeries, Multiple Gadgets for Bathroom, Office, Bedroom</p><p> -31% 0FF </p><p>$8.99</p><a href="https://www.amazon.com/dp/B0DM27MBZN?tag=eloabder-20&linkCode=osi&th=1&psc=1">View Product</a></div>
<div class="product"><a href="https://www.amazon.com/dp/B0C4T42TPC?tag=eloabder-20&linkCode=osi&th=1&psc=1"><img src="https://m.media-amazon.com/images/I/318IsyAsPXL._SL500_.jpg" alt="Product Image"></a><p>Adjustable Mobile CPU Stand, Ventilated Computer Tower Stand with 4 Caster Wheels Fits Most PC Tower, Under Desk CPU Holder PC Floor Cart Computer Riser for Gamers and Students (Black)</p><p> -21% 0FF </p><p>$14.21</p><a href="https://www.amazon.com/dp/B0C4T42TPC?tag=eloabder-20&linkCode=osi&th=1&psc=1">View Product</a></div><div class="product"><a href="https://www.amazon.com/dp/B094QTGHNZ?tag=eloabder-20&linkCode=osi&th=1&psc=1"><img src="https://m.media-amazon.com/images/I/31VzBQ+jwWL._SL500_.jpg" alt="Product Image"></a><p>WALI Computer Monitor Stand for Desk, Adjustable Laptop Riser, Desk Monitor Stand Underneath Storage for Office, Home, School Supplies (STT003), 1 Pack, Black</p><p> -32% 0FF </p><p>$16.99</p><a href="https://www.amazon.com/dp/B094QTGHNZ?tag=eloabder-20&linkCode=osi&th=1&psc=1">View Product</a></div><div class="product"><a href="https://www.amazon.com/dp/B07H4DMLVH?tag=eloabder-20&linkCode=osi&th=1&psc=1"><img src="https://m.media-amazon.com/images/I/31eTfKhpSWL._SL500_.jpg" alt="Product Image"></a><p>HUANUO Monitor Stand, Monitor Stand Riser 3 Height Adjustable, Monitor Riser with Airflow Vents, Laptop Stand for Desk, Laptop Riser, Desk Organizer for Monitor, 15.6" Laptop, PC, Printer</p><p> -11% 0FF </p><p>$15.19</p><a href="https://www.amazon.com/dp/B07H4DMLVH?tag=eloabder-20&linkCode=osi&th=1&psc=1">View Product</a></div><div class="product"><a href="https://www.amazon.com/dp/B0D69W6H91?tag=eloabder-20&linkCode=osi&th=1&psc=1"><img src="https://m.media-amazon.com/images/I/51rQI+gi3lL._SL500_.jpg" alt="Product Image"></a><p>JANE EYRE Computer Tower Stand - Adjustable PC Tower Stand CPU Holder Cart with Charging Station for Office Home Classroom,23.03"-28.3" H, black</p><p> -10% 0FF </p><p>$53.99</p><a href="https://www.amazon.com/dp/B0D69W6H91?tag=eloabder-20&linkCode=osi&th=1&psc=1">View Product</a></div><div class="product"><a href="https://www.amazon.com/dp/B0C4T34L9Y?tag=eloabder-20&linkCode=osi&th=1&psc=1"><img src="https://m.media-amazon.com/images/I/51BNMGXNOEL._SL500_.jpg" alt="Product Image"></a><p>BONTEC Wooden Monitor Stand Riser, 2-Tier Desk Shelf with Storage Organizer, Ergonomic Computer Stand with Cable Management, Cellphone Holder, White, 16.5 Inch</p><p> -33% 0FF </p><p>$18.04</p><a href="https://www.amazon.com/dp/B0C4T34L9Y?tag=eloabder-20&linkCode=osi&th=1&psc=1">View Product</a></div><div class="product"><a href="https://www.amazon.com/dp/B08BRCT4JH?tag=eloabder-20&linkCode=osi&th=1&psc=1"><img src="https://m.media-amazon.com/images/I/41Ga6A+cXbL._SL500_.jpg" alt="Product Image"></a><p>BESIGN LS03 Aluminum Laptop Stand, Ergonomic Detachable Computer Stand, Notebook Riser Compatible with Air, Pro, Dell, HP, Lenovo More 10-15.6" Laptops, Silver</p><p> -25% 0FF </p><p>$14.98</p><a href="https://www.amazon.com/dp/B08BRCT4JH?tag=eloabder-20&linkCode=osi&th=1&psc=1">View Product</a></div>
<div class="product"><a href="https://www.amazon.com/dp/B07Q79ZZJ6?tag=eloabder-20&linkCode=osi&th=1&psc=1"><img src="https://m.media-amazon.com/images/I/31-LBzENQIL._SL500_.jpg" alt="Product Image"></a><p>Single LCD Computer Monitor Free-Standing Desk Stand Mount Riser for 13 inch to 32 inch screen with Swivel, Height Adjustable, Rotation, Vesa Base Stand Holds One (1) Screen up to 77Lbs(HT05B-001))</p><p> -34% 0FF </p><p>$21.99</p><a href="https://www.amazon.com/dp/B07Q79ZZJ6?tag=eloabder-20&linkCode=osi&th=1&psc=1">View Product</a></div><div class="product"><a href="https://www.amazon.com/dp/B082845XM8?tag=eloabder-20&linkCode=osi&th=1&psc=1"><img src="https://m.media-amazon.com/images/I/41uRH1B7HgL._SL500_.jpg" alt="Product Image"></a><p>Dual Monitor Stand - Vertical Stack Screen Free-Standing Monitor Riser Fits Two 13 to 34 Inch Screen with Swivel, Tilt, Height Adjustable, Holds One (1) Screen Up to 44Lbs</p><p> -5% 0FF </p><p>$31.56</p><a href="https://www.amazon.com/dp/B082845XM8?tag=eloabder-20&linkCode=osi&th=1&psc=1">View Product</a></div><div class="product"><a href="https://www.amazon.com/dp/B00X4SCCFG?tag=eloabder-20&linkCode=osi&th=1&psc=1"><img src="https://m.media-amazon.com/images/I/21X2klzUZGL._SL500_.jpg" alt="Product Image"></a><p>Amazon Basics Height Adjustable Rectangular Computer Monitor Riser Desk Stand with Storage for Reduced Neck Strain - Fits Monitors, Laptops Up to 22lbs, Black</p><p> -35% 0FF </p><p>$14.06</p><a href="https://www.amazon.com/dp/B00X4SCCFG?tag=eloabder-20&linkCode=osi&th=1&psc=1">View Product</a></div>
<div class="product"><a href="https://www.amazon.com/dp/B07HFDJCSL?tag=eloabder-20&linkCode=osi&th=1&psc=1"><img src="https://m.media-amazon.com/images/I/41DR7qY1naL._SL500_.jpg" alt="Product Image"></a><p>VIVO Large Keyboard Tray Under Desk Pull Out with Extra Sturdy C Clamp Mount System, 27 (33 Including Clamps) x 11 Inch Slide-Out Platform Computer Drawer for Typing, Black, MOUNT-KB05E</p><p> -17% 0FF </p><p>$49.99</p><a href="https://www.amazon.com/dp/B07HFDJCSL?tag=eloabder-20&linkCode=osi&th=1&psc=1">View Product</a></div><div class="product"><a href="https://www.amazon.com/dp/B082NKBM62?tag=eloabder-20&linkCode=osi&th=1&psc=1"><img src="https://m.media-amazon.com/images/I/41qQ3p9-mrL._SL500_.jpg" alt="Product Image"></a><p>HUANUO Keyboard Tray Under Desk, 360 Adjustable Ergonomic Sliding Keyboard & Mouse Tray, Under Desk Keyboard Tray Slide Out, Keyboard Holder Under Desk for Typing in Home, Office Work, 25"W x 9.84"D</p><p> -33% 0FF </p><p>$59.98</p><a href="https://www.amazon.com/dp/B082NKBM62?tag=eloabder-20&linkCode=osi&th=1&psc=1">View Product</a></div><div class="product"><a href="https://www.amazon.com/dp/B0F23GTKHL?tag=eloabder-20&linkCode=osi&th=1&psc=1"><img src="https://m.media-amazon.com/images/I/41dmHoeznDL._SL500_.jpg" alt="Product Image"></a><p>Zontera Ergonomic Mouse & Keyboard Tray Under Desk, Pull Out with Adjustable C-clamp, 20 (25.9 Including Clamps) x 11.8 Inch Slide Out Computer Keyboard Drawer Mouse Tray for Typing, Black</p><p> -7% 0FF </p><p>$25.99</p><a href="https://www.amazon.com/dp/B0F23GTKHL?tag=eloabder-20&linkCode=osi&th=1&psc=1">View Product</a></div><div class="product"><a href="https://www.amazon.com/dp/B01IIGMBVI?tag=eloabder-20&linkCode=osi&th=1&psc=1"><img src="https://m.media-amazon.com/images/I/21Vw8003F0L._SL500_.jpg" alt="Product Image"></a><p>Alera ALE Valencia Series Underdesk Keyboard/Mouse Shelf, 28w x 12d, Black</p><p> -50% 0FF </p><p>$29.22</p><a href="https://www.amazon.com/dp/B01IIGMBVI?tag=eloabder-20&linkCode=osi&th=1&psc=1">View Product</a></div>
<div class="product"><a href="https://www.amazon.com/dp/B07C3XZMC6?tag=eloabder-20&linkCode=osi&th=1&psc=1"><img src="https://m.media-amazon.com/images/I/31Eojf7glwL._SL500_.jpg" alt="Product Image"></a><p>JIKIOU 3 Pack Mouse Pad with Stitched Edge, Comfortable Mouse Pads with Non-Slip Rubber Base, Washable Mousepads Bulk with Comfortable Cloth, Mouse Pads for Computers Laptop Mouse 10.2x8.3inch Black</p><p> -29% 0FF </p><p>$7.99</p><a href="https://www.amazon.com/dp/B07C3XZMC6?tag=eloabder-20&linkCode=osi&th=1&psc=1">View Product</a></div><div class="product"><a href="https://www.amazon.com/dp/B085XRMSTT?tag=eloabder-20&linkCode=osi&th=1&psc=1"><img src="https://m.media-amazon.com/images/I/31aDSI0sFoL._SL500_.jpg" alt="Product Image"></a><p>EooCoo Ergonomic Mouse Pad with Wrist Support, Mousepad with Memory Foam Wrist Rest and Non-Slip Base for Computer, Cafe, Home & Office, 9.64 x 8.26 in Office Desk Accessories</p><p> -36% 0FF </p><p>$6.99</p><a href="https://www.amazon.com/dp/B085XRMSTT?tag=eloabder-20&linkCode=osi&th=1&psc=1">View Product</a></div>
<div class="product"><a href="https://www.amazon.com/dp/B0BRCJL4MM?tag=eloabder-20&linkCode=osi&th=1&psc=1"><img src="https://m.media-amazon.com/images/I/41sggzaNbPL._SL500_.jpg" alt="Product Image"></a><p>Led Desk Lamp for Office Home - Eye Caring Architect lamp with Clamp,Dual Screen Computer Monitor Gooseneck Smart Light: 24W 5 Color Flexible Adjustable Lighting Table Lamp for Study Drafting</p><p> -13% 0FF </p><p>$69.99</p><a href="https://www.amazon.com/dp/B0BRCJL4MM?tag=eloabder-20&linkCode=osi&th=1&psc=1">View Product</a></div><div class="product"><a href="https://www.amazon.com/dp/B0BNHNG5CY?tag=eloabder-20&linkCode=osi&th=1&psc=1"><img src="https://m.media-amazon.com/images/I/51ccmdZe2YL._SL500_.jpg" alt="Product Image"></a><p>Micomlan Led Desk Lamp with Clamp, Architect Desk Lamp for Home Office with Atmosphere Lighting, 24W Ultra Bright Auto Dimming Computer Light Stepless Dimming and Tempering LED Table Light</p><p> -27% 0FF </p><p>$49.99</p><a href="https://www.amazon.com/dp/B0BNHNG5CY?tag=eloabder-20&linkCode=osi&th=1&psc=1">View Product</a></div><div class="product"><a href="https://www.amazon.com/dp/B078W61H9P?tag=eloabder-20&linkCode=osi&th=1&psc=1"><img src="https://m.media-amazon.com/images/I/31aebwb3nqL._SL500_.jpg" alt="Product Image"></a><p>LEPOWER Metal Desk Lamp, Eye-Caring Table Lamp, Study Lamps with Flexible Goose Neck for Bedroom, Home Office (Matte Black)</p><p> -24% 0FF </p><p>$24.99</p><a href="https://www.amazon.com/dp/B078W61H9P?tag=eloabder-20&linkCode=osi&th=1&psc=1">View Product</a></div><div class="product"><a href="https://www.amazon.com/dp/B0D1DLY4H4?tag=eloabder-20&linkCode=osi&th=1&psc=1"><img src="https://m.media-amazon.com/images/I/41sKiuSIwRL._SL500_.jpg" alt="Product Image"></a><p>SKYLEO Led Desk Lamp - Desk Light for 31.5" Tall - 5 Color Modes X 11 Brightness Levels - Adjustable Swing Arm - Timmer & Memory Function - 12W Lamp for Desk - Black</p><p> -23% 0FF </p><p>$19.99</p><a href="https://www.amazon.com/dp/B0D1DLY4H4?tag=eloabder-20&linkCode=osi&th=1&psc=1">View Product</a></div><div class="product"><a href="https://www.amazon.com/dp/B0D2LGK82V?tag=eloabder-20&linkCode=osi&th=1&psc=1"><img src="https://m.media-amazon.com/images/I/41UpQ-qygDL._SL500_.jpg" alt="Product Image"></a><p>Addtam LED Desk Lamp, Power Strip with 3 Outlets 4 USB Charging Ports(2 USBC), 4 Modes 5 Level Brightness Touch Lamp, Small Desk Lamp for Home Office College Dorm Room Essentials</p><p> -23% 0FF </p><p>$16.99</p><a href="https://www.amazon.com/dp/B0D2LGK82V?tag=eloabder-20&linkCode=osi&th=1&psc=1">View Product</a></div><div class="product"><a href="https://www.amazon.com/dp/B08LMTQ7ZF?tag=eloabder-20&linkCode=osi&th=1&psc=1"><img src="https://m.media-amazon.com/images/I/21vKPX2KHML._SL500_.jpg" alt="Product Image"></a><p>Lepro LED Desk Lamp for Home Office, 9.5W 750LM Metal Touch Control Desk Light, 5 Color Modes 5 Brightness Level, Eye Caring Task Lamp For Reading, Sewing, Crafts, School Supplies, Puzzle Light, Black</p><p> -13% 0FF </p><p>$24.99</p><a href="https://www.amazon.com/dp/B08LMTQ7ZF?tag=eloabder-20&linkCode=osi&th=1&psc=1">View Product</a></div>
<div class="product"><a href="https://www.amazon.com/dp/B0D7BXNDP4?tag=eloabder-20&linkCode=osi&th=1&psc=1"><img src="https://m.media-amazon.com/images/I/41DuEunZ1+L._SL500_.jpg" alt="Product Image"></a><p>Monitor Fan with Clamp & Light Bar Desk Lamp with fan for Office mini Desk fan small quiet with lamp for PC Laptops Tablet for Home Office Portable Working Reading Stand Lamp</p><p> -5% 0FF </p><p>$15.19</p><a href="https://www.amazon.com/dp/B0D7BXNDP4?tag=eloabder-20&linkCode=osi&th=1&psc=1">View Product</a></div><div class="product"><a href="https://www.amazon.com/dp/B07K1D41DC?tag=eloabder-20&linkCode=osi&th=1&psc=1"><img src="https://m.media-amazon.com/images/I/310MAouNV-L._SL500_.jpg" alt="Product Image"></a><p>OttLite Cool Breeze LED Lamp with Bladeless Fan - 3 Speed Options & 5 Brightness Settings with Energy Efficient Natural Daylight LEDs - Desktop, Table or Nightstand Lamp for Studying or Reading</p><p> -14% 0FF </p><p>$89.98</p><a href="https://www.amazon.com/dp/B07K1D41DC?tag=eloabder-20&linkCode=osi&th=1&psc=1">View Product</a></div>
<div class="product"><a href="https://www.amazon.com/dp/B0CXSXL1F2?tag=eloabder-20&linkCode=osi&th=1&psc=1"><img src="https://m.media-amazon.com/images/I/41H6cndt7iL._SL500_.jpg" alt="Product Image"></a><p>9 Pack Lined Sticky Notes 4x6 in Post Sticky Notes with Lines, 9 Bright Colors Self Sticky Notes Pad Its, Large Ruled Sticky Note for Office, Home, 35 Sheets/Pad</p><p> -33% 0FF </p><p>$7.99</p><a href="https://www.amazon.com/dp/B0CXSXL1F2?tag=eloabder-20&linkCode=osi&th=1&psc=1">View Product</a></div><div class="product"><a href="https://www.amazon.com/dp/B019QROV9S?tag=eloabder-20&linkCode=osi&th=1&psc=1"><img src="https://m.media-amazon.com/images/I/51OsStyntzL._SL500_.jpg" alt="Product Image"></a><p>Sharpie Clear View Highlighter Sticks, Chisel Tip, Assorted Fluorescent, 8 Count - School, Home, and Office Use, Teacher Supplies</p><p> -23% 0FF </p><p>$13.86</p><a href="https://www.amazon.com/dp/B019QROV9S?tag=eloabder-20&linkCode=osi&th=1&psc=1">View Product</a></div>
<div class="product"><a href="https://www.amazon.com/dp/B082PN4X5J?tag=eloabder-20&linkCode=osi&th=1&psc=1"><img src="https://m.media-amazon.com/images/I/51o+eA8g6nL._SL500_.jpg" alt="Product Image"></a><p>Sharpie S-Gel Gel Pens, Black Barrel, Medium Point (0.7mm), Black Gel Ink Pens, 12 Count - Home, Office, School, Journaling, Writing, Note-Taking, Teacher Supplies</p><p> -14% 0FF </p><p>$11.97</p><a href="https://www.amazon.com/dp/B082PN4X5J?tag=eloabder-20&linkCode=osi&th=1&psc=1">View Product</a></div><div class="product"><a href="https://www.amazon.com/dp/B0C9W8DD9S?tag=eloabder-20&linkCode=osi&th=1&psc=1"><img src="https://m.media-amazon.com/images/I/41mdSvEwNZL._SL500_.jpg" alt="Product Image"></a><p>Ddaowanx Gel Pens, 6 Pcs 0.5mm Quick Dry Black Ink Pens Fine Point Smooth Writing Pens, Cute Office School Supplies Gifts for Women</p><p> -10% 0FF </p><p>$8.99</p><a href="https://www.amazon.com/dp/B0C9W8DD9S?tag=eloabder-20&linkCode=osi&th=1&psc=1">View Product</a></div><div class="product"><a href="https://www.amazon.com/dp/B019QBOG3U?tag=eloabder-20&linkCode=osi&th=1&psc=1"><img src="https://m.media-amazon.com/images/I/416PjSebDoL._SL500_.jpg" alt="Product Image"></a><p>Paper Mate Colorful Gel Pens - InkJoy Gel Pens Assorted Medium Point (0.7). Perfect for Vibrant Colored Writing and Sketching with Paper Mate InkJoy 14 Count</p><p> -18% 0FF </p><p>$10.31</p><a href="https://www.amazon.com/dp/B019QBOG3U?tag=eloabder-20&linkCode=osi&th=1&psc=1">View Product</a></div><div class="product"><a href="https://www.amazon.com/dp/B0C73JDN4S?tag=eloabder-20&linkCode=osi&th=1&psc=1"><img src="https://m.media-amazon.com/images/I/51DJUUxL7HL._SL500_.jpg" alt="Product Image"></a><p>Linbsunne Ballpoint Pens Black Medium Point 1mm Pen with Super Soft Grip Ball Point Pen for Men Women Retractable Pens (gold-12 pcs)</p><p> -10% 0FF </p><p>$8.99</p><a href="https://www.amazon.com/dp/B0C73JDN4S?tag=eloabder-20&linkCode=osi&th=1&psc=1">View Product</a></div><div class="product"><a href="https://www.amazon.com/dp/B001OTA66O?tag=eloabder-20&linkCode=osi&th=1&psc=1"><img src="https://m.media-amazon.com/images/I/41yS5tBZQLL._SL500_.jpg" alt="Product Image"></a><p>BIC Glide Black Retractable Ballpoint Pens, Medium Point (1.0mm), 4-Count Pack, Ultra Smooth Writing Black Pens</p><p> -40% 0FF </p><p>$2.99</p><a href="https://www.amazon.com/dp/B001OTA66O?tag=eloabder-20&linkCode=osi&th=1&psc=1">View Product</a></div>
<div class="product"><a href="https://www.amazon.com/dp/B002HVXXCW?tag=eloabder-20&linkCode=osi&th=1&psc=1"><img src="https://m.media-amazon.com/images/I/41JeEedXCeL._SL500_.jpg" alt="Product Image"></a><p>Ticonderoga Wood-Cased Pencils, Pre-Sharpened, 2 HB Soft, Yellow, 10 Count</p><p> -58% 0FF </p><p>$2.49</p><a href="https://www.amazon.com/dp/B002HVXXCW?tag=eloabder-20&linkCode=osi&th=1&psc=1">View Product</a></div><div class="product"><a href="https://www.amazon.com/dp/B077Q4B6YN?tag=eloabder-20&linkCode=osi&th=1&psc=1"><img src="https://m.media-amazon.com/images/I/4160YcHGDNL._SL500_.jpg" alt="Product Image"></a><p>Paper Mate 2017483 Mechanical Pencils for Handwriting, Triangular, 5/PK, AST</p><p> -45% 0FF </p><p>$3.47</p><a href="https://www.amazon.com/dp/B077Q4B6YN?tag=eloabder-20&linkCode=osi&th=1&psc=1">View Product</a></div>
<div class="product"><a href="https://www.amazon.com/dp/B0D7YTZNRF?tag=eloabder-20&linkCode=osi&th=1&psc=1"><img src="https://m.media-amazon.com/images/I/41hSbSlNAmL._SL500_.jpg" alt="Product Image"></a><p>YASNAY Alcohol Markers, 48 Colors Dual Tip Art Marker, Drawing Markers, Coloring Marker for Kids Sketching Adult Coloring</p><p> -27% 0FF </p><p>$10.99</p><a href="https://www.amazon.com/dp/B0D7YTZNRF?tag=eloabder-20&linkCode=osi&th=1&psc=1">View Product</a></div><div class="product"><a href="https://www.amazon.com/dp/B07CJ8QXF8?tag=eloabder-20&linkCode=osi&th=1&psc=1"><img src="https://m.media-amazon.com/images/I/51bChi4-H4L._SL500_.jpg" alt="Product Image"></a><p>Dual Markers Brush Pens, 36 Fine Point Art Marker, Double Tip Colored Pen for Adult Coloring Hand Lettering, School Classroom Art Suppliers</p><p> -20% 0FF </p><p>$7.98</p><a href="https://www.amazon.com/dp/B07CJ8QXF8?tag=eloabder-20&linkCode=osi&th=1&psc=1">View Product</a></div><div class="product"><a href="https://www.amazon.com/dp/B071CP6X88?tag=eloabder-20&linkCode=osi&th=1&psc=1"><img src="https://m.media-amazon.com/images/I/41sNeEYkTNL._SL500_.jpg" alt="Product Image"></a><p>Crayola Super Tips Marker Set for Kids (100ct), Broad Tip & Fine Point Washable Art Markers for Kids, Bulk School Supplies, Teacher Classroom Must Haves, Drawing Supplies</p><p> -19% 0FF </p><p>$16.29</p><a href="https://www.amazon.com/dp/B071CP6X88?tag=eloabder-20&linkCode=osi&th=1&psc=1">View Product</a></div><div class="product"><a href="https://www.amazon.com/dp/B08MBFPFCQ?tag=eloabder-20&linkCode=osi&th=1&psc=1"><img src="https://m.media-amazon.com/images/I/51DaGL7Z4oL._SL500_.jpg" alt="Product Image"></a><p>Sharpie Permanent Markers Variety Pack, Includes Chisel, Fine, and Ultra-Fine Tips, Marker Set, Writing, Coloring, Poster, Office, School Supplies, Black, 6 Count</p><p> -19% 0FF </p><p>$4.63 ($0.77 / Count)</p><a href="https://www.amazon.com/dp/B08MBFPFCQ?tag=eloabder-20&linkCode=osi&th=1&psc=1">View Product</a></div>
<div class="product"><a href="https://www.amazon.com/dp/B09Y2KJ2KX?tag=eloabder-20&linkCode=osi&th=1&psc=1"><img src="https://m.media-amazon.com/images/I/41EhQr7suML._SL500_.jpg" alt="Product Image"></a><p>Sharpie Pocket Highlighters, Mild Pastel Colors, Assorted, Chisel Tip, 12 Count - School, Home, and Office Use, Teacher Supplies</p><p> -22% 0FF </p><p>$7.76 ($0.65 / Count)</p><a href="https://www.amazon.com/dp/B09Y2KJ2KX?tag=eloabder-20&linkCode=osi&th=1&psc=1">View Product</a></div><div class="product"><a href="https://www.amazon.com/dp/B08698MJWT?tag=eloabder-20&linkCode=osi&th=1&psc=1"><img src="https://m.media-amazon.com/images/I/512N7aYt5oL._SL500_.jpg" alt="Product Image"></a><p>Sharpie S-Note Creative Markers, Pastel Highlighters, Art Marker Set, Assorted Colors, Chisel Tip, 24 Count - School, Home, and Office Use, Teacher Supplies</p><p> -60% 0FF </p><p>$8.83</p><a href="https://www.amazon.com/dp/B08698MJWT?tag=eloabder-20&linkCode=osi&th=1&psc=1">View Product</a></div>
<div class="product"><a href="https://www.amazon.com/dp/B097DPQPYN?tag=eloabder-20&linkCode=osi&th=1&psc=1"><img src="https://m.media-amazon.com/images/I/51nFyQPtfkL._SL500_.jpg" alt="Product Image"></a><p>Sonuimy Pencil Sharpeners, 4 Pcs Pencil Sharpeners Manual,Dual Holes Compact Colored Handheld Pencil Sharpener for Kids with Lid Adults Students School Class Home Office (Covered)</p><p> -13% 0FF </p><p>$4.49</p><a href="https://www.amazon.com/dp/B097DPQPYN?tag=eloabder-20&linkCode=osi&th=1&psc=1">View Product</a></div><div class="product"><a href="https://www.amazon.com/dp/B000MFN1G8?tag=eloabder-20&linkCode=osi&th=1&psc=1"><img src="https://m.media-amazon.com/images/I/41JPflroUEL._SL500_.jpg" alt="Product Image"></a><p>Compact Desktop Electric Pencil Sharpener, Black, Sold as 1 Each</p><p> -21% 0FF </p><p>$15.89</p><a href="https://www.amazon.com/dp/B000MFN1G8?tag=eloabder-20&linkCode=osi&th=1&psc=1">View Product</a></div><div class="product"><a href="https://www.amazon.com/dp/B00125KXGI?tag=eloabder-20&linkCode=osi&th=1&psc=1"><img src="https://m.media-amazon.com/images/I/51avY0bZv6L._SL500_.jpg" alt="Product Image"></a><p>Bostitch Office Personal Electric Pencil Sharpener, Powerful Stall-Free Motor, High Capacity Shavings Tray, Blue</p><p> -13% 0FF </p><p>$17.48</p><a href="https://www.amazon.com/dp/B00125KXGI?tag=eloabder-20&linkCode=osi&th=1&psc=1">View Product</a></div><div class="product"><a href="https://www.amazon.com/dp/B078DZY9Z5?tag=eloabder-20&linkCode=osi&th=1&psc=1"><img src="https://m.media-amazon.com/images/I/41KbUFGrXfL._SL500_.jpg" alt="Product Image"></a><p>JARLINK Electric Pencil Sharpener, Heavy-Duty Helical Blade to Fast Sharpen, Auto Stop for No.2/Colored Pencils(6-8mm), AC Adapter/Battery Operated in School Classroom/Office/Home (Black)</p><p> -21% 0FF </p><p>$16.98</p><a href="https://www.amazon.com/dp/B078DZY9Z5?tag=eloabder-20&linkCode=osi&th=1&psc=1">View Product</a></div><div class="product"><a href="https://www.amazon.com/dp/B08DLXH86D?tag=eloabder-20&linkCode=osi&th=1&psc=1"><img src="https://m.media-amazon.com/images/I/41UghsnBycL._SL500_.jpg" alt="Product Image"></a><p>Aogwat Pencil Sharpener Electric Pencil Sharpener for Kids, Blade to Fast Sharpen, Suitable for No.2/School/Classroom/Office/Home (Black)</p><p> -23% 0FF </p><p>$9.99</p><a href="https://www.amazon.com/dp/B08DLXH86D?tag=eloabder-20&linkCode=osi&th=1&psc=1">View Product</a></div><div class="product"><a href="https://www.amazon.com/dp/B000GP0VIU?tag=eloabder-20&linkCode=osi&th=1&psc=1"><img src="https://m.media-amazon.com/images/I/318OKKSwzbL._SL500_.jpg" alt="Product Image"></a><p>Bostitch Office Wall Mount Manual Pencil Sharpener, Tip Saver, 8 Hole Dial, 6X Longer Cutter Life, Vertical or Horizontal Mounting Black (MPS1-BLK)</p><p> -9% 0FF </p><p>$13.18</p><a href="https://www.amazon.com/dp/B000GP0VIU?tag=eloabder-20&linkCode=osi&th=1&psc=1">View Product</a></div>
<div class="product"><a href="https://www.amazon.com/dp/B00094H4LU?tag=eloabder-20&linkCode=osi&th=1&psc=1"><img src="https://m.media-amazon.com/images/I/41f-fbZYU1L._SL500_.jpg" alt="Product Image"></a><p>Paper Mate Erasers | Pink Pearl Large Erasers 12 Count</p><p> -55% 0FF </p><p>$6.03</p><a href="https://www.amazon.com/dp/B00094H4LU?tag=eloabder-20&linkCode=osi&th=1&psc=1">View Product</a></div><div class="product"><a href="https://www.amazon.com/dp/B07DPVVMWB?tag=eloabder-20&linkCode=osi&th=1&psc=1"><img src="https://m.media-amazon.com/images/I/51wLlsENgiL._SL500_.jpg" alt="Product Image"></a><p>Mr. Pen Erasers for Pencils, 120 Pack, Pencil Top Erasers, Eraser Caps, Cap Tops, Topper Erasers. Ereaser</p><p> -24% 0FF </p><p>$5.95</p><a href="https://www.amazon.com/dp/B07DPVVMWB?tag=eloabder-20&linkCode=osi&th=1&psc=1">View Product</a></div><div class="product"><a href="https://www.amazon.com/dp/B07144DC8V?tag=eloabder-20&linkCode=osi&th=1&psc=1"><img src="https://m.media-amazon.com/images/I/51Ed1+HW9cL._SL500_.jpg" alt="Product Image"></a><p>Pentel Hi-Polymer Block Eraser, White, 10/Box (ZEH10PC10)</p><p> -44% 0FF </p><p>$9.99</p><a href="https://www.amazon.com/dp/B07144DC8V?tag=eloabder-20&linkCode=osi&th=1&psc=1">View Product</a></div><div class="product"><a href="https://www.amazon.com/dp/B0047CT6SE?tag=eloabder-20&linkCode=osi&th=1&psc=1"><img src="https://m.media-amazon.com/images/I/41bhWXKeeiL._SL500_.jpg" alt="Product Image"></a><p>Pentel Clic Retractable Eraser with Grip, 3 Pack</p><p> -29% 0FF </p><p>$4.77</p><a href="https://www.amazon.com/dp/B0047CT6SE?tag=eloabder-20&linkCode=osi&th=1&psc=1">View Product</a></div>
<div class="product"><a href="https://www.amazon.com/dp/B09S9X3HV7?tag=eloabder-20&linkCode=osi&th=1&psc=1"><img src="https://m.media-amazon.com/images/I/51GgMyfl5VL._SL500_.jpg" alt="Product Image"></a><p>Color Transparent Ruler Plastic Rulers - Ruler 12 inch, Kids Ruler for School, Ruler with Centimeters, Millimeter and Inches, Assorted Colors, Clear Rulers, 7 Pack School Rulers</p><p> -16% 0FF </p><p>$5.99</p><a href="https://www.amazon.com/dp/B09S9X3HV7?tag=eloabder-20&linkCode=osi&th=1&psc=1">View Product</a></div><div class="product"><a href="https://www.amazon.com/dp/B06XK9VQM4?tag=eloabder-20&linkCode=osi&th=1&psc=1"><img src="https://m.media-amazon.com/images/I/51Glln3n-nL._SL500_.jpg" alt="Product Image"></a><p>Outus 12 Pack Wood Ruler Bulk for Students Wooden School Rulers Gifts Office Classroom Measuring, 2 Scale, 12 Inch and 30 cm</p><p> -6% 0FF </p><p>$7.99</p><a href="https://www.amazon.com/dp/B06XK9VQM4?tag=eloabder-20&linkCode=osi&th=1&psc=1">View Product</a></div><div class="product"><a href="https://www.amazon.com/dp/B0B5MLTG7J?tag=eloabder-20&linkCode=osi&th=1&psc=1"><img src="https://m.media-amazon.com/images/I/51z9LUxLKmL._SL500_.jpg" alt="Product Image"></a><p>DAGONGREN 30 Pack Clear Plastic Rulers 12 Inch,Transparent Assorted Color Metric Bulk Rulers with Inches and Centimeters,Kids Ruler for School,Home,Office</p><p> -9% 0FF </p><p>$9.99</p><a href="https://www.amazon.com/dp/B0B5MLTG7J?tag=eloabder-20&linkCode=osi&th=1&psc=1">View Product</a></div><div class="product"><a href="https://www.amazon.com/dp/B096MPPF53?tag=eloabder-20&linkCode=osi&th=1&psc=1"><img src="https://m.media-amazon.com/images/I/51qUpElDRcS._SL500_.jpg" alt="Product Image"></a><p>Tenare 1 Set Plastic Clear Math Set Includes Protractor Triangle Rulers 12 Inch 6 Inch Straight Geometry Math Transparent Ruler Measuring Tool for School Office Home Supplies(Clear)</p><p> -25% 0FF </p><p>$5.98</p><a href="https://www.amazon.com/dp/B096MPPF53?tag=eloabder-20&linkCode=osi&th=1&psc=1">View Product</a></div>
<div class="product"><a href="https://www.amazon.com/dp/B07YDDX4JL?tag=eloabder-20&linkCode=osi&th=1&psc=1"><img src="https://m.media-amazon.com/images/I/41oBPZwCRLL._SL500_.jpg" alt="Product Image"></a><p>3-Pack 8" Heavy Duty Scissors with Ultra Sharp Blades and Comfort Grip Handles - For Office, Home, School, Sewing, and Crafts</p><p> -15% 0FF </p><p>$8.49 ($2.83 / Count)</p><a href="https://www.amazon.com/dp/B07YDDX4JL?tag=eloabder-20&linkCode=osi&th=1&psc=1">View Product</a></div><div class="product"><a href="https://www.amazon.com/dp/B01BRGU8R0?tag=eloabder-20&linkCode=osi&th=1&psc=1"><img src="https://m.media-amazon.com/images/I/41ANVra+eNL._SL500_.jpg" alt="Product Image"></a><p>Amazon Basics Stainless Steel Scissors for Office, Crafts, Multipurpose, Sharp, Comfort Grip, PVD Coated, 3 Pack, Multicolor</p><p> -45% 0FF </p><p>$7.55</p><a href="https://www.amazon.com/dp/B01BRGU8R0?tag=eloabder-20&linkCode=osi&th=1&psc=1">View Product</a></div><div class="product"><a href="https://www.amazon.com/dp/B000P0LNRE?tag=eloabder-20&linkCode=osi&th=1&psc=1"><img src="https://m.media-amazon.com/images/I/41fWgMTO0JL._SL500_.jpg" alt="Product Image"></a><p>Westcott 8-Inch Titanium-Bonded Scissors with Adjustable Glide Feature for Office and Home - Gray/Yellow, 2-Pack</p><p> -33% 0FF </p><p>$9.97</p><a href="https://www.amazon.com/dp/B000P0LNRE?tag=eloabder-20&linkCode=osi&th=1&psc=1">View Product</a></div>
<div class="product"><a href="https://www.amazon.com/dp/B074ZRZ4CZ?tag=eloabder-20&linkCode=osi&th=1&psc=1"><img src="https://m.media-amazon.com/images/I/41bu+HKxC2L._SL500_.jpg" alt="Product Image"></a><p>Swingline Commercial Stapler, 20 Sheet Capacity, Jam Free, Metal, 2 Pack, Black (44401AZ)</p><p> -5% 0FF </p><p>$18.98</p><a href="https://www.amazon.com/dp/B074ZRZ4CZ?tag=eloabder-20&linkCode=osi&th=1&psc=1">View Product</a></div><div class="product"><a href="https://www.amazon.com/dp/B001PME62K?tag=eloabder-20&linkCode=osi&th=1&psc=1"><img src="https://m.media-amazon.com/images/I/41gbaJu-3iL._SL500_.jpg" alt="Product Image"></a><p>Swingline Stapler, 40 Sheet Capacity, Optima 40, Jam Free, Reduced Effort, Soft Grip, Metal, Orange and Gray (87845)</p><p> -14% 0FF </p><p>$24.19</p><a href="https://www.amazon.com/dp/B001PME62K?tag=eloabder-20&linkCode=osi&th=1&psc=1">View Product</a></div><div class="product"><a href="https://www.amazon.com/dp/B0D2JBKYM1?tag=eloabder-20&linkCode=osi&th=1&psc=1"><img src="https://m.media-amazon.com/images/I/41zFTU9QpfL._SL500_.jpg" alt="Product Image"></a><p>Bostitch Office Stapler, No-Jam Premium for Desktop, Includes 1,250 Staples, Full-Strip, 25 Sheet Capacity, Black</p><p> -26% 0FF </p><p>$6.99</p><a href="https://www.amazon.com/dp/B0D2JBKYM1?tag=eloabder-20&linkCode=osi&th=1&psc=1">View Product</a></div><div class="product"><a href="https://www.amazon.com/dp/B0CC5GJKM1?tag=eloabder-20&linkCode=osi&th=1&psc=1"><img src="https://m.media-amazon.com/images/I/41JDDoSZQiL._SL500_.jpg" alt="Product Image"></a><p>Metal Stapler Heavy Duty 50 Sheet Capacity with 1750 Staples and Staple Remover, Full Strip Staplers for Desk, No Jam, Non-Slip for Office & Classroom, Black</p><p> -33% 0FF </p><p>$13.29</p><a href="https://www.amazon.com/dp/B0CC5GJKM1?tag=eloabder-20&linkCode=osi&th=1&psc=1">View Product</a></div><div class="product"><a href="https://www.amazon.com/dp/B0006HUQZ6?tag=eloabder-20&linkCode=osi&th=1&psc=1"><img src="https://m.media-amazon.com/images/I/31e-T-f1TGL._SL500_.jpg" alt="Product Image"></a><p>Swingline Stapler, 30 Sheet Capacity, 747 Business Stapler, Jam Free, Metal, Rio Red (74736)</p><p> -23% 0FF </p><p>$15.30</p><a href="https://www.amazon.com/dp/B0006HUQZ6?tag=eloabder-20&linkCode=osi&th=1&psc=1">View Product</a></div>
<div class="product"><a href="https://www.amazon.com/dp/B00J8PJJF0?tag=eloabder-20&linkCode=osi&th=1&psc=1"><img src="https://m.media-amazon.com/images/I/418dc+5ZGkL._SL500_.jpg" alt="Product Image"></a><p>Bostitch Office Premium Standard Staples, 1/4" Full Strip, Box of 5,000 Staples</p><p> -27% 0FF </p><p>$4.39</p><a href="https://www.amazon.com/dp/B00J8PJJF0?tag=eloabder-20&linkCode=osi&th=1&psc=1">View Product</a></div><div class="product"><a href="https://www.amazon.com/dp/B079VYR12V?tag=eloabder-20&linkCode=osi&th=1&psc=1"><img src="https://m.media-amazon.com/images/I/51xAt88vqrL._SL500_.jpg" alt="Product Image"></a><p>Officemate Standard Staples, 10 Boxes General Purpose Staple (91950)</p><p> -10% 0FF </p><p>$14.37</p><a href="https://www.amazon.com/dp/B079VYR12V?tag=eloabder-20&linkCode=osi&th=1&psc=1">View Product</a></div><div class="product"><a href="https://www.amazon.com/dp/B00006IFMQ?tag=eloabder-20&linkCode=osi&th=1&psc=1"><img src="https://m.media-amazon.com/images/I/51UsWZuFq8L._SL500_.jpg" alt="Product Image"></a><p>Bostitch Office B8 PowerCrown 0.25 Inch Staples, Pack of 5,000 Staples (STCRP21151/4), Silver</p><p> -30% 0FF </p><p>$2.33</p><a href="https://www.amazon.com/dp/B00006IFMQ?tag=eloabder-20&linkCode=osi&th=1&psc=1">View Product</a></div>
<div class="product"><a href="https://www.amazon.com/dp/B000J07BRQ?tag=eloabder-20&linkCode=osi&th=1&psc=1"><img src="https://m.media-amazon.com/images/I/51QpJKjajbL._SL500_.jpg" alt="Product Image"></a><p>Scotch Heavy Duty Shipping Packing Tape, Clear, Packing Tape for Moving Boxes and Packaging Supplies, 1.88 in. x 22.2 yd., 6 Roll Dispensers, Moving Supplies</p><p> -35% 0FF </p><p>$12.99</p><a href="https://www.amazon.com/dp/B000J07BRQ?tag=eloabder-20&linkCode=osi&th=1&psc=1">View Product</a></div><div class="product"><a href="https://www.amazon.com/dp/B0000DH8HQ?tag=eloabder-20&linkCode=osi&th=1&psc=1"><img src="https://m.media-amazon.com/images/I/414lAY+087L._SL500_.jpg" alt="Product Image"></a><p>Scotch Magic Tape, Invisible Transparent Tape, 6 Tape Rolls with Dispensers, 3/4 in x 650 in</p><p> -23% 0FF </p><p>$12.34</p><a href="https://www.amazon.com/dp/B0000DH8HQ?tag=eloabder-20&linkCode=osi&th=1&psc=1">View Product</a></div><div class="product"><a href="https://www.amazon.com/dp/B0DQHV6X92?tag=eloabder-20&linkCode=osi&th=1&psc=1"><img src="https://m.media-amazon.com/images/I/51ViCFlgldL._SL500_.jpg" alt="Product Image"></a><p>BeataTap Tape, Invisible Tape, 6 Rolls + 6 Refillable Dispensers, Matte Finish, Writable, 3/4″ x 650″, Transparent Tape, Clear Tape for Gift Wrapping Paper, School Supplies</p><p> -15% 0FF </p><p>$5.94 ($0.99 / Count)</p><a href="https://www.amazon.com/dp/B0DQHV6X92?tag=eloabder-20&linkCode=osi&th=1&psc=1">View Product</a></div><div class="product"><a href="https://www.amazon.com/dp/B07CB6LN5S?tag=eloabder-20&linkCode=osi&th=1&psc=1"><img src="https://m.media-amazon.com/images/I/41NNyeISnjL._SL500_.jpg" alt="Product Image"></a><p>Scotch Super-Hold Tape, 2 Rolls, Transparent Finish, 50% More Adhesive, Trusted Favorite, 3/4 x 600 Inches, Dispensered (198DM-2)</p><p> -30% 0FF </p><p>$5.97</p><a href="https://www.amazon.com/dp/B07CB6LN5S?tag=eloabder-20&linkCode=osi&th=1&psc=1">View Product</a></div><div class="product"><a href="https://www.amazon.com/dp/B00464740A?tag=eloabder-20&linkCode=osi&th=1&psc=1"><img src="https://m.media-amazon.com/images/I/51ZPFoiGfuL._SL500_.jpg" alt="Product Image"></a><p>Scotch Sure Start Shipping Packaging Tape, 1.88" x 22.2 yd, Designed for Packing, Shipping and Mailing, Quiet Unwind, No Splitting or Tearing, 1.5" Core, Clear, 6 Dispensered Rolls (145-6)</p><p> -28% 0FF </p><p>$13.48</p><a href="https://www.amazon.com/dp/B00464740A?tag=eloabder-20&linkCode=osi&th=1&psc=1">View Product</a></div><div class="product"><a href="https://www.amazon.com/dp/B09C6LLG9P?tag=eloabder-20&linkCode=osi&th=1&psc=1"><img src="https://m.media-amazon.com/images/I/41rbv66ZNBL._SL500_.jpg" alt="Product Image"></a><p>Scotch Box Lock Packaging Tape, 1 Roll with Dispenser, 1.88 in x 1000 in, Extreme Grip, Sticks Instantly to Any Box (195L)</p><p> -31% 0FF </p><p>$4.12</p><a href="https://www.amazon.com/dp/B09C6LLG9P?tag=eloabder-20&linkCode=osi&th=1&psc=1">View Product</a></div>
<div class="product"><a href="https://www.amazon.com/dp/B08QQZ71CV?tag=eloabder-20&linkCode=osi&th=1&psc=1"><img src="https://m.media-amazon.com/images/I/51Foz0aGYoS._SL500_.jpg" alt="Product Image"></a><p>Gorilla Super Glue, Clear Glue, Four 3 Gram Tubes (Pack of 1) - All Purpose and Fast Setting for Projects and Repairs</p><p> -25% 0FF </p><p>$9.49 ($22.60 / Ounce)</p><a href="https://www.amazon.com/dp/B08QQZ71CV?tag=eloabder-20&linkCode=osi&th=1&psc=1">View Product</a></div><div class="product"><a href="https://www.amazon.com/dp/B07J6R3GK7?tag=eloabder-20&linkCode=osi&th=1&psc=1"><img src="https://m.media-amazon.com/images/I/31kdOjGBkpL._SL500_.jpg" alt="Product Image"></a><p>Amazon Basics All Purpose Washable School Clear Liquid Glue - Great for Making Slime, 128 fl oz</p><p> -6% 0FF </p><p>$16.13</p><a href="https://www.amazon.com/dp/B07J6R3GK7?tag=eloabder-20&linkCode=osi&th=1&psc=1">View Product</a></div><div class="product"><a href="https://www.amazon.com/dp/B00178QQJ8?tag=eloabder-20&linkCode=osi&th=1&psc=1"><img src="https://m.media-amazon.com/images/I/41zs6k410RL._SL500_.jpg" alt="Product Image"></a><p>Mod Podge Gloss Sealer, Glue & Finish: All-in-One Craft Solution- Quick Dry, Easy Clean, for Wood, Paper, Fabric & More. Non-Toxic - Craft with Confidence, Made in USA, 16 oz., Pack of 1</p><p> -36% 0FF </p><p>$7.99 ($0.50 / Fl Oz)</p><a href="https://www.amazon.com/dp/B00178QQJ8?tag=eloabder-20&linkCode=osi&th=1&psc=1">View Product</a></div><div class="product"><a href="https://www.amazon.com/dp/B073V14DZJ?tag=eloabder-20&linkCode=osi&th=1&psc=1"><img src="https://m.media-amazon.com/images/I/31Iyy5+vk6L._SL500_.jpg" alt="Product Image"></a><p>Amazon Basics All Purpose Washable School Craft Liquid Glue for Making Slime, White, Single Pack, 1 Gallon</p><p> -7% 0FF </p><p>$15.54</p><a href="https://www.amazon.com/dp/B073V14DZJ?tag=eloabder-20&linkCode=osi&th=1&psc=1">View Product</a></div><div class="product"><a href="https://www.amazon.com/dp/B0006HUJCQ?tag=eloabder-20&linkCode=osi&th=1&psc=1"><img src="https://m.media-amazon.com/images/I/511pTqChTCL._SL500_.jpg" alt="Product Image"></a><p>Loctite Super Glue Gel Control, Clear, 0.14 fl oz Bottle, 1 Pack - Superglue for Plastic, Wood, Metal, Crafts & Repair, Cyanoacrylate Adhesive Instant Glue, Quick Dry</p><p> -13% 0FF </p><p>$3.64 ($26.00 / Fl Oz)</p><a href="https://www.amazon.com/dp/B0006HUJCQ?tag=eloabder-20&linkCode=osi&th=1&psc=1">View Product</a></div>
<div class="product"><a href="https://www.amazon.com/dp/B074XTRX7K?tag=eloabder-20&linkCode=osi&th=1&psc=1"><img src="https://m.media-amazon.com/images/I/31rOPIrMfDL._SL500_.jpg" alt="Product Image"></a><p>Amazon Basics Sturdy Binder Clips for Office Use, 96 Count (8 Pack of 12), Medium, 1.25 in, Black</p><p> -26% 0FF </p><p>$7.48</p><a href="https://www.amazon.com/dp/B074XTRX7K?tag=eloabder-20&linkCode=osi&th=1&psc=1">View Product</a></div><div class="product"><a href="https://www.amazon.com/dp/B00TQ8FDB8?tag=eloabder-20&linkCode=osi&th=1&psc=1"><img src="https://m.media-amazon.com/images/I/51y7lUrMLnL._SL500_.jpg" alt="Product Image"></a><p>ACCO Binder Clips, Medium, Black, 12 per Box, 2 Boxes (72062)</p><p> -25% 0FF </p><p>$5.96</p><a href="https://www.amazon.com/dp/B00TQ8FDB8?tag=eloabder-20&linkCode=osi&th=1&psc=1">View Product</a></div><div class="product"><a href="https://www.amazon.com/dp/B08KWCDP3C?tag=eloabder-20&linkCode=osi&th=1&psc=1"><img src="https://m.media-amazon.com/images/I/41qucDz6HuL._SL500_.jpg" alt="Product Image"></a><p>Ufmarine Medium Binder Clips 1.25 inch Length, (40 Pcs) Colorful Paper Clips Medium for Office</p><p> -12% 0FF </p><p>$5.99</p><a href="https://www.amazon.com/dp/B08KWCDP3C?tag=eloabder-20&linkCode=osi&th=1&psc=1">View Product</a></div>
<div class="product"><a href="https://www.amazon.com/dp/B09XQLJFDD?tag=eloabder-20&linkCode=osi&th=1&psc=1"><img src="https://m.media-amazon.com/images/I/41iiSFMy4uL._SL500_.jpg" alt="Product Image"></a><p>PAPERPAL Paperclips for Office School & Personal Use, #1 Nonskid Paper Clip (1-2/7"), 600 Medium Paper Clips (6 Boxes of 100 Each), Silver</p><p> -20% 0FF </p><p>$7.99</p><a href="https://www.amazon.com/dp/B09XQLJFDD?tag=eloabder-20&linkCode=osi&th=1&psc=1">View Product</a></div>

<div class="product"><a href="https://www.amazon.com/dp/B004I2G8NO?tag=eloabder-20&linkCode=osi&th=1&psc=1"><img src="https://m.media-amazon.com/images/I/51WEsLRINGL._SL500_.jpg" alt="Product Image"></a><p>Business Source Rubber Band, Natural (1914LB)</p><p> -26% 0FF </p><p>$4.00</p><a href="https://www.amazon.com/dp/B004I2G8NO?tag=eloabder-20&linkCode=osi&th=1&psc=1">View Product</a></div><div class="product"><a href="https://www.amazon.com/dp/B077GDY1LP?tag=eloabder-20&linkCode=osi&th=1&psc=1"><img src="https://m.media-amazon.com/images/I/41nn0nmNTiL._SL500_.jpg" alt="Product Image"></a><p>ANNIE 1000 RUBBER BANDS 1/2" #BLACK</p><p> -7% 0FF </p><p>$4.90 ($1.22 / Count)</p><a href="https://www.amazon.com/dp/B077GDY1LP?tag=eloabder-20&linkCode=osi&th=1&psc=1">View Product</a></div><div class="product"><a href="https://www.amazon.com/dp/B000783OPI?tag=eloabder-20&linkCode=osi&th=1&psc=1"><img src="https://m.media-amazon.com/images/I/510okXKzMqL._SL500_.jpg" alt="Product Image"></a><p>Universal 00419 19-Size Rubber Bands (335 Per Pack), Beige</p><p> -29% 0FF </p><p>$3.44</p><a href="https://www.amazon.com/dp/B000783OPI?tag=eloabder-20&linkCode=osi&th=1&psc=1">View Product</a></div><div class="product"><a href="https://www.amazon.com/dp/B00006IBRU?tag=eloabder-20&linkCode=osi&th=1&psc=1"><img src="https://m.media-amazon.com/images/I/51pU5khkX8L._SL500_.jpg" alt="Product Image"></a><p>ALL26335 - Alliance Rubber 26335 Advantage Rubber Bands - Size #33, Natural, 1 Pound 3 x 1/8 inches</p><p> -62% 0FF </p><p>$3.29</p><a href="https://www.amazon.com/dp/B00006IBRU?tag=eloabder-20&linkCode=osi&th=1&psc=1">View Product</a></div>

<div class="product"><a href="https://www.amazon.com/dp/B0033J6V3A?tag=eloabder-20&linkCode=osi&th=1&psc=1"><img src="https://m.media-amazon.com/images/I/21o5ASbichL._SL500_.jpg" alt="Product Image"></a><p>NuSparc 2 Drawer Locking Filing Cabinet | Pre-Assembled Steel Construction | Space-Saving Design is Perfect for Home and Small Office | Letter-Size | Assembled in North America</p><p> -14% 0FF </p><p>$76.99</p><a href="https://www.amazon.com/dp/B0033J6V3A?tag=eloabder-20&linkCode=osi&th=1&psc=1">View Product</a></div><div class="product"><a href="https://www.amazon.com/dp/B0D9XYD75W?tag=eloabder-20&linkCode=osi&th=1&psc=1"><img src="https://m.media-amazon.com/images/I/31VM3xK++PL._SL500_.jpg" alt="Product Image"></a><p>BYNSOE 2 Drawer File Cabinet with Lock Vertical Filing Storage Cabinet Office Home Steel Vertical File Cabinets for Letter Size File Cabinet Locked,Assembly Required</p><p> -8% 0FF </p><p>$54.99</p><a href="https://www.amazon.com/dp/B0D9XYD75W?tag=eloabder-20&linkCode=osi&th=1&psc=1">View Product</a></div><div class="product"><a href="https://www.amazon.com/dp/B0989HLF81?tag=eloabder-20&linkCode=osi&th=1&psc=1"><img src="https://m.media-amazon.com/images/I/51vzgnkbcjL._SL500_.jpg" alt="Product Image"></a><p>DEVAISE 3 Drawer Mobile File Cabinet, Wood Lateral Filing Cabinet, Printer Stand with Open Shelves for Home Office, Rustic Brown</p><p> -21% 0FF </p><p>$74.99</p><a href="https://www.amazon.com/dp/B0989HLF81?tag=eloabder-20&linkCode=osi&th=1&psc=1">View Product</a></div>
<div class="product"><a href="https://www.amazon.com/dp/B00006RSQD?tag=eloabder-20&linkCode=osi&th=1&psc=1"><img src="https://m.media-amazon.com/images/I/315rez3KpeL._SL500_.jpg" alt="Product Image"></a><p>Bush Business Furniture Series C 36W Tall 5 Shelf Bookcase in Hansen Cherry, Large Storage and Display Bookshelf for Home or Professional Office</p><p> -8% 0FF </p><p>$239.49</p><a href="https://www.amazon.com/dp/B00006RSQD?tag=eloabder-20&linkCode=osi&th=1&psc=1">View Product</a></div>
<div class="product"><a href="https://www.amazon.com/dp/B09F6JPYSY?tag=eloabder-20&linkCode=osi&th=1&psc=1"><img src="https://m.media-amazon.com/images/I/51fGLH7lhHL._SL500_.jpg" alt="Product Image"></a><p>SPACELEAD Slim Storage Cart 3 Tier,Bathroom Organizer Rolling Utility,Mobile Shelving Unit Slide Out for Office, Kitchen, Laundry Room & Narrow Places,Black</p><p> -30% 0FF </p><p>$20.99</p><a href="https://www.amazon.com/dp/B09F6JPYSY?tag=eloabder-20&linkCode=osi&th=1&psc=1">View Product</a></div><div class="product"><a href="https://www.amazon.com/dp/B08KFTVGQY?tag=eloabder-20&linkCode=osi&th=1&psc=1"><img src="https://m.media-amazon.com/images/I/51BjUEmGaiL._SL500_.jpg" alt="Product Image"></a><p>SONGMICS Cube Storage Organizer, Set of 16 Plastic Cubes, Closet Organizers and Storage, Room Organization, Bedroom Living Room, 12.2 x 48.4 x 48.4 Inches, Rustic Brown ULPC442A01</p><p> -15% 0FF </p><p>$46.99</p><a href="https://www.amazon.com/dp/B08KFTVGQY?tag=eloabder-20&linkCode=osi&th=1&psc=1">View Product</a></div><div class="product"><a href="https://www.amazon.com/dp/B0DG359YX5?tag=eloabder-20&linkCode=osi&th=1&psc=1"><img src="https://m.media-amazon.com/images/I/41OBXL4HJdL._SL500_.jpg" alt="Product Image"></a><p>VIVO Clamp-on 13 inch Above or Below Desk 2-Tier Shelving Unit for Table Accessories, Gaming Devices, and More, Storage Tray, Desktop Organizer, Rustic Vintage Brown, STAND-SHELF2C-N</p><p> -20% 0FF </p><p>$39.99</p><a href="https://www.amazon.com/dp/B0DG359YX5?tag=eloabder-20&linkCode=osi&th=1&psc=1">View Product</a></div><div class="product"><a href="https://www.amazon.com/dp/B0D7S5GGP6?tag=eloabder-20&linkCode=osi&th=1&psc=1"><img src="https://m.media-amazon.com/images/I/51EriWG2BLL._SL500_.jpg" alt="Product Image"></a><p>C&AHOME Wire Cube Storage, 9 - Cube Organizer Metal C Grids, Modular Shelves Units, Closet Organizer, Ideal for Home, Office, Living Room, 36.6”L x 12.4”W x 48.4”H, Silver Gray UWCS3009G</p><p> -33% 0FF </p><p>$28.87</p><a href="https://www.amazon.com/dp/B0D7S5GGP6?tag=eloabder-20&linkCode=osi&th=1&psc=1">View Product</a></div>
<div class="product"><a href="https://www.amazon.com/dp/B0B1M6ML2J?tag=eloabder-20&linkCode=osi&th=1&psc=1"><img src="https://m.media-amazon.com/images/I/51pX2Qo38JL._SL500_.jpg" alt="Product Image"></a><p>WOWBOX 25 PCS Clear Plastic Drawer Organizer Set, 4 Sizes Desk Drawer Divider Organizers and Storage Bins for Makeup, Jewelry, Gadgets for Kitchen, Bedroom, Bathroom, Office</p><p> -35% 0FF </p><p>$16.13 ($0.65 / Count)</p><a href="https://www.amazon.com/dp/B0B1M6ML2J?tag=eloabder-20&linkCode=osi&th=1&psc=1">View Product</a></div><div class="product"><a href="https://www.amazon.com/dp/B0DB8F7GDN?tag=eloabder-20&linkCode=osi&th=1&psc=1"><img src="https://m.media-amazon.com/images/I/51iOtKHzvCL._SL500_.jpg" alt="Product Image"></a><p>OPNICE Desk Organizer and Accessories, 2-Tier Computer Monitor Stand Riser with Drawer and 2 Pen Holders, Laptop Stand, Office Desk Accessories for Office Supplies, Black</p><p> -27% 0FF </p><p>$21.99</p><a href="https://www.amazon.com/dp/B0DB8F7GDN?tag=eloabder-20&linkCode=osi&th=1&psc=1">View Product</a></div><div class="product"><a href="https://www.amazon.com/dp/B0FQ86P4M3?tag=eloabder-20&linkCode=osi&th=1&psc=1"><img src="https://m.media-amazon.com/images/I/41ZDdyGnPxL._SL500_.jpg" alt="Product Image"></a><p>Mind Reader 2-Tier Desk Organizer with Clamp, Accessory Shelf for Office or Gaming, Office, Metal, White</p><p> -5% 0FF </p><p>$37.99</p><a href="https://www.amazon.com/dp/B0FQ86P4M3?tag=eloabder-20&linkCode=osi&th=1&psc=1">View Product</a></div><div class="product"><a href="https://www.amazon.com/dp/B0BYDGF8DT?tag=eloabder-20&linkCode=osi&th=1&psc=1"><img src="https://m.media-amazon.com/images/I/51sE2GzgVNL._SL500_.jpg" alt="Product Image"></a><p>OPNICE Desk Organizer and Accessories, 4-Tier Desktop File Organizer with Drawer and 2 Pen Holders, Office Desk Accessories, Workspace Organizers for Office Supplies(Black)</p><p> -33% 0FF </p><p>$19.99</p><a href="https://www.amazon.com/dp/B0BYDGF8DT?tag=eloabder-20&linkCode=osi&th=1&psc=1">View Product</a></div><div class="product"><a href="https://www.amazon.com/dp/B0DJKSMV2T?tag=eloabder-20&linkCode=osi&th=1&psc=1"><img src="https://m.media-amazon.com/images/I/41gO3CCIg1L._SL500_.jpg" alt="Product Image"></a><p>gianotter Dual Monitor Stand Riser, Desk Organizer With Drawer and 2 Pen Holders, Computer Monitor Stand, Shelf for Top of Desk, Black</p><p> -28% 0FF </p><p>$25.99</p><a href="https://www.amazon.com/dp/B0DJKSMV2T?tag=eloabder-20&linkCode=osi&th=1&psc=1">View Product</a></div><div class="product"><a href="https://www.amazon.com/dp/B0BWTT3WK1?tag=eloabder-20&linkCode=osi&th=1&psc=1"><img src="https://m.media-amazon.com/images/I/51JTe2SjicL._SL500_.jpg" alt="Product Image"></a><p>gianotter Desk Organizers and Accessories with File Holder, 4-Tier Desk Accessories & Workspace Organizers with Drawer and 2 Pen Holder, Paper Organizer for Office Supplies (Rose Gold)</p><p> -27% 0FF </p><p>$23.99</p><a href="https://www.amazon.com/dp/B0BWTT3WK1?tag=eloabder-20&linkCode=osi&th=1&psc=1">View Product</a></div><div class="product"><a href="https://www.amazon.com/dp/B09QKDY1YY?tag=eloabder-20&linkCode=osi&th=1&psc=1"><img src="https://m.media-amazon.com/images/I/519UVM73B6L._SL500_.jpg" alt="Product Image"></a><p>Supeasy 5 Trays Paper Organizer Letter Tray with Handle-Mesh Desk File Organizer, Paper Sorter Desk Organizer for Office, Home or School</p><p> -17% 0FF </p><p>$19.99</p><a href="https://www.amazon.com/dp/B09QKDY1YY?tag=eloabder-20&linkCode=osi&th=1&psc=1">View Product</a></div><div class="product"><a href="https://www.amazon.com/dp/B08PBFKGJG?tag=eloabder-20&linkCode=osi&th=1&psc=1"><img src="https://m.media-amazon.com/images/I/61WfW0WLsqL._SL500_.jpg" alt="Product Image"></a><p>Marbrasse 6 Tier Paper Organizer Letter Tray - Mesh Desk File Organizer with Handle, Paper Sorter Organizer for Letter/A4 Office File Folder Holder - Black</p><p> -23% 0FF </p><p>$19.98</p><a href="https://www.amazon.com/dp/B08PBFKGJG?tag=eloabder-20&linkCode=osi&th=1&psc=1">View Product</a></div><div class="product"><a href="https://www.amazon.com/dp/B09K5927B5?tag=eloabder-20&linkCode=osi&th=1&psc=1"><img src="https://m.media-amazon.com/images/I/51u5tZ4jR6L._SL500_.jpg" alt="Product Image"></a><p>Marbrasse Desk Organizer with File Holder, 5-Tier Paper Letter Tray Organizer with Drawer and 2 Pen Holder, Mesh Desktop Organizer and Storage with Magazine Holder for Office Supplies(Black)</p><p> -24% 0FF </p><p>$33.99</p><a href="https://www.amazon.com/dp/B09K5927B5?tag=eloabder-20&linkCode=osi&th=1&psc=1">View Product</a></div>
<div class="product"><a href="https://www.amazon.com/dp/B0CNXF7SVS?tag=eloabder-20&linkCode=osi&th=1&psc=1"><img src="https://m.media-amazon.com/images/I/51a6EswyTZL._SL500_.jpg" alt="Product Image"></a><p>Manalete Drawer Organizers Set of 15, 4 Sizes Clear Plastic Drawer Organizers and Storage Bins for Kitchen, Bathroom, Office, Dresser Desk Drawer Organizer Tray for Jewelry, Makeup, Junk, Gadgets</p><p> -29% 0FF </p><p>$9.99</p><a href="https://www.amazon.com/dp/B0CNXF7SVS?tag=eloabder-20&linkCode=osi&th=1&psc=1">View Product</a></div><div class="product"><a href="https://www.amazon.com/dp/B0CCY5X6SS?tag=eloabder-20&linkCode=osi&th=1&psc=1"><img src="https://m.media-amazon.com/images/I/41Iye-vPXJL._SL500_.jpg" alt="Product Image"></a><p>Bamboo Drawer Organizer Set, 5 PCS Multi-Use Individual Wood Storage Organizers, Junk Drawer Divider and Storage Trays Containers for Kitchen, Bathroom, Office Desk, Makeup, Jewelry, Utensils</p><p> -20% 0FF </p><p>$19.99 ($4.00 / Count)</p><a href="https://www.amazon.com/dp/B0CCY5X6SS?tag=eloabder-20&linkCode=osi&th=1&psc=1">View Product</a></div><div class="product"><a href="https://www.amazon.com/dp/B0CCDJQ7MM?tag=eloabder-20&linkCode=osi&th=1&psc=1"><img src="https://m.media-amazon.com/images/I/51kU0WJxdsL._SL500_.jpg" alt="Product Image"></a><p>Marbrasse Expandable Desk Drawer Organizer, Mesh Drawer Organizer Tray with 10 Adjustable Compartments, Desk Organizers and Accessories, 5 Dividers Drawer for Office Supplies, Makeup & Vanity (Black)</p><p> -15% 0FF </p><p>$17.84</p><a href="https://www.amazon.com/dp/B0CCDJQ7MM?tag=eloabder-20&linkCode=osi&th=1&psc=1">View Product</a></div><div class="product"><a href="https://www.amazon.com/dp/B0DM27MBZN?tag=eloabder-20&linkCode=osi&th=1&psc=1"><img src="https://m.media-amazon.com/images/I/41hAfSMnrZL._SL500_.jpg" alt="Product Image"></a><p>ElegantArray 12 PCS Drawer Organizer Set, 4 Sizes Storage Drawer Units, Clear Plastic Makeup Vanity Organizer and Storage Bins for Makeup, Stationeries, Multiple Gadgets for Bathroom, Office, Bedroom</p><p> -31% 0FF </p><p>$8.99</p><a href="https://www.amazon.com/dp/B0DM27MBZN?tag=eloabder-20&linkCode=osi&th=1&psc=1">View Product</a></div>
<div class="product"><a href="https://www.amazon.com/dp/B0C4T42TPC?tag=eloabder-20&linkCode=osi&th=1&psc=1"><img src="https://m.media-amazon.com/images/I/318IsyAsPXL._SL500_.jpg" alt="Product Image"></a><p>Adjustable Mobile CPU Stand, Ventilated Computer Tower Stand with 4 Caster Wheels Fits Most PC Tower, Under Desk CPU Holder PC Floor Cart Computer Riser for Gamers and Students (Black)</p><p> -21% 0FF </p><p>$14.21</p><a href="https://www.amazon.com/dp/B0C4T42TPC?tag=eloabder-20&linkCode=osi&th=1&psc=1">View Product</a></div><div class="product"><a href="https://www.amazon.com/dp/B094QTGHNZ?tag=eloabder-20&linkCode=osi&th=1&psc=1"><img src="https://m.media-amazon.com/images/I/31VzBQ+jwWL._SL500_.jpg" alt="Product Image"></a><p>WALI Computer Monitor Stand for Desk, Adjustable Laptop Riser, Desk Monitor Stand Underneath Storage for Office, Home, School Supplies (STT003), 1 Pack, Black</p><p> -32% 0FF </p><p>$16.99</p><a href="https://www.amazon.com/dp/B094QTGHNZ?tag=eloabder-20&linkCode=osi&th=1&psc=1">View Product</a></div><div class="product"><a href="https://www.amazon.com/dp/B07H4DMLVH?tag=eloabder-20&linkCode=osi&th=1&psc=1"><img src="https://m.media-amazon.com/images/I/31eTfKhpSWL._SL500_.jpg" alt="Product Image"></a><p>HUANUO Monitor Stand, Monitor Stand Riser 3 Height Adjustable, Monitor Riser with Airflow Vents, Laptop Stand for Desk, Laptop Riser, Desk Organizer for Monitor, 15.6" Laptop, PC, Printer</p><p> -11% 0FF </p><p>$15.19</p><a href="https://www.amazon.com/dp/B07H4DMLVH?tag=eloabder-20&linkCode=osi&th=1&psc=1">View Product</a></div><div class="product"><a href="https://www.amazon.com/dp/B0D69W6H91?tag=eloabder-20&linkCode=osi&th=1&psc=1"><img src="https://m.media-amazon.com/images/I/51rQI+gi3lL._SL500_.jpg" alt="Product Image"></a><p>JANE EYRE Computer Tower Stand - Adjustable PC Tower Stand CPU Holder Cart with Charging Station for Office Home Classroom,23.03"-28.3" H, black</p><p> -10% 0FF </p><p>$53.99</p><a href="https://www.amazon.com/dp/B0D69W6H91?tag=eloabder-20&linkCode=osi&th=1&psc=1">View Product</a></div><div class="product"><a href="https://www.amazon.com/dp/B0C4T34L9Y?tag=eloabder-20&linkCode=osi&th=1&psc=1"><img src="https://m.media-amazon.com/images/I/51BNMGXNOEL._SL500_.jpg" alt="Product Image"></a><p>BONTEC Wooden Monitor Stand Riser, 2-Tier Desk Shelf with Storage Organizer, Ergonomic Computer Stand with Cable Management, Cellphone Holder, White, 16.5 Inch</p><p> -33% 0FF </p><p>$18.04</p><a href="https://www.amazon.com/dp/B0C4T34L9Y?tag=eloabder-20&linkCode=osi&th=1&psc=1">View Product</a></div><div class="product"><a href="https://www.amazon.com/dp/B08BRCT4JH?tag=eloabder-20&linkCode=osi&th=1&psc=1"><img src="https://m.media-amazon.com/images/I/41Ga6A+cXbL._SL500_.jpg" alt="Product Image"></a><p>BESIGN LS03 Aluminum Laptop Stand, Ergonomic Detachable Computer Stand, Notebook Riser Compatible with Air, Pro, Dell, HP, Lenovo More 10-15.6" Laptops, Silver</p><p> -25% 0FF </p><p>$14.98</p><a href="https://www.amazon.com/dp/B08BRCT4JH?tag=eloabder-20&linkCode=osi&th=1&psc=1">View Product</a></div>
<div class="product"><a href="https://www.amazon.com/dp/B07Q79ZZJ6?tag=eloabder-20&linkCode=osi&th=1&psc=1"><img src="https://m.media-amazon.com/images/I/31-LBzENQIL._SL500_.jpg" alt="Product Image"></a><p>Single LCD Computer Monitor Free-Standing Desk Stand Mount Riser for 13 inch to 32 inch screen with Swivel, Height Adjustable, Rotation, Vesa Base Stand Holds One (1) Screen up to 77Lbs(HT05B-001))</p><p> -34% 0FF </p><p>$21.99</p><a href="https://www.amazon.com/dp/B07Q79ZZJ6?tag=eloabder-20&linkCode=osi&th=1&psc=1">View Product</a></div><div class="product"><a href="https://www.amazon.com/dp/B082845XM8?tag=eloabder-20&linkCode=osi&th=1&psc=1"><img src="https://m.media-amazon.com/images/I/41uRH1B7HgL._SL500_.jpg" alt="Product Image"></a><p>Dual Monitor Stand - Vertical Stack Screen Free-Standing Monitor Riser Fits Two 13 to 34 Inch Screen with Swivel, Tilt, Height Adjustable, Holds One (1) Screen Up to 44Lbs</p><p> -5% 0FF </p><p>$31.56</p><a href="https://www.amazon.com/dp/B082845XM8?tag=eloabder-20&linkCode=osi&th=1&psc=1">View Product</a></div><div class="product"><a href="https://www.amazon.com/dp/B00X4SCCFG?tag=eloabder-20&linkCode=osi&th=1&psc=1"><img src="https://m.media-amazon.com/images/I/21X2klzUZGL._SL500_.jpg" alt="Product Image"></a><p>Amazon Basics Height Adjustable Rectangular Computer Monitor Riser Desk Stand with Storage for Reduced Neck Strain - Fits Monitors, Laptops Up to 22lbs, Black</p><p> -35% 0FF </p><p>$14.06</p><a href="https://www.amazon.com/dp/B00X4SCCFG?tag=eloabder-20&linkCode=osi&th=1&psc=1">View Product</a></div>
<div class="product"><a href="https://www.amazon.com/dp/B07HFDJCSL?tag=eloabder-20&linkCode=osi&th=1&psc=1"><img src="https://m.media-amazon.com/images/I/41DR7qY1naL._SL500_.jpg" alt="Product Image"></a><p>VIVO Large Keyboard Tray Under Desk Pull Out with Extra Sturdy C Clamp Mount System, 27 (33 Including Clamps) x 11 Inch Slide-Out Platform Computer Drawer for Typing, Black, MOUNT-KB05E</p><p> -17% 0FF </p><p>$49.99</p><a href="https://www.amazon.com/dp/B07HFDJCSL?tag=eloabder-20&linkCode=osi&th=1&psc=1">View Product</a></div><div class="product"><a href="https://www.amazon.com/dp/B082NKBM62?tag=eloabder-20&linkCode=osi&th=1&psc=1"><img src="https://m.media-amazon.com/images/I/41qQ3p9-mrL._SL500_.jpg" alt="Product Image"></a><p>HUANUO Keyboard Tray Under Desk, 360 Adjustable Ergonomic Sliding Keyboard & Mouse Tray, Under Desk Keyboard Tray Slide Out, Keyboard Holder Under Desk for Typing in Home, Office Work, 25"W x 9.84"D</p><p> -33% 0FF </p><p>$59.98</p><a href="https://www.amazon.com/dp/B082NKBM62?tag=eloabder-20&linkCode=osi&th=1&psc=1">View Product</a></div><div class="product"><a href="https://www.amazon.com/dp/B0F23GTKHL?tag=eloabder-20&linkCode=osi&th=1&psc=1"><img src="https://m.media-amazon.com/images/I/41dmHoeznDL._SL500_.jpg" alt="Product Image"></a><p>Zontera Ergonomic Mouse & Keyboard Tray Under Desk, Pull Out with Adjustable C-clamp, 20 (25.9 Including Clamps) x 11.8 Inch Slide Out Computer Keyboard Drawer Mouse Tray for Typing, Black</p><p> -7% 0FF </p><p>$25.99</p><a href="https://www.amazon.com/dp/B0F23GTKHL?tag=eloabder-20&linkCode=osi&th=1&psc=1">View Product</a></div><div class="product"><a href="https://www.amazon.com/dp/B01IIGMBVI?tag=eloabder-20&linkCode=osi&th=1&psc=1"><img src="https://m.media-amazon.com/images/I/21Vw8003F0L._SL500_.jpg" alt="Product Image"></a><p>Alera ALE Valencia Series Underdesk Keyboard/Mouse Shelf, 28w x 12d, Black</p><p> -50% 0FF </p><p>$29.22</p><a href="https://www.amazon.com/dp/B01IIGMBVI?tag=eloabder-20&linkCode=osi&th=1&psc=1">View Product</a></div>
<div class="product"><a href="https://www.amazon.com/dp/B07C3XZMC6?tag=eloabder-20&linkCode=osi&th=1&psc=1"><img src="https://m.media-amazon.com/images/I/31Eojf7glwL._SL500_.jpg" alt="Product Image"></a><p>JIKIOU 3 Pack Mouse Pad with Stitched Edge, Comfortable Mouse Pads with Non-Slip Rubber Base, Washable Mousepads Bulk with Comfortable Cloth, Mouse Pads for Computers Laptop Mouse 10.2x8.3inch Black</p><p> -29% 0FF </p><p>$7.99</p><a href="https://www.amazon.com/dp/B07C3XZMC6?tag=eloabder-20&linkCode=osi&th=1&psc=1">View Product</a></div><div class="product"><a href="https://www.amazon.com/dp/B085XRMSTT?tag=eloabder-20&linkCode=osi&th=1&psc=1"><img src="https://m.media-amazon.com/images/I/31aDSI0sFoL._SL500_.jpg" alt="Product Image"></a><p>EooCoo Ergonomic Mouse Pad with Wrist Support, Mousepad with Memory Foam Wrist Rest and Non-Slip Base for Computer, Cafe, Home & Office, 9.64 x 8.26 in Office Desk Accessories</p><p> -36% 0FF </p><p>$6.99</p><a href="https://www.amazon.com/dp/B085XRMSTT?tag=eloabder-20&linkCode=osi&th=1&psc=1">View Product</a></div>
<div class="product"><a href="https://www.amazon.com/dp/B0BRCJL4MM?tag=eloabder-20&linkCode=osi&th=1&psc=1"><img src="https://m.media-amazon.com/images/I/41sggzaNbPL._SL500_.jpg" alt="Product Image"></a><p>Led Desk Lamp for Office Home - Eye Caring Architect lamp with Clamp,Dual Screen Computer Monitor Gooseneck Smart Light: 24W 5 Color Flexible Adjustable Lighting Table Lamp for Study Drafting</p><p> -13% 0FF </p><p>$69.99</p><a href="https://www.amazon.com/dp/B0BRCJL4MM?tag=eloabder-20&linkCode=osi&th=1&psc=1">View Product</a></div><div class="product"><a href="https://www.amazon.com/dp/B0BNHNG5CY?tag=eloabder-20&linkCode=osi&th=1&psc=1"><img src="https://m.media-amazon.com/images/I/51ccmdZe2YL._SL500_.jpg" alt="Product Image"></a><p>Micomlan Led Desk Lamp with Clamp, Architect Desk Lamp for Home Office with Atmosphere Lighting, 24W Ultra Bright Auto Dimming Computer Light Stepless Dimming and Tempering LED Table Light</p><p> -27% 0FF </p><p>$49.99</p><a href="https://www.amazon.com/dp/B0BNHNG5CY?tag=eloabder-20&linkCode=osi&th=1&psc=1">View Product</a></div><div class="product"><a href="https://www.amazon.com/dp/B078W61H9P?tag=eloabder-20&linkCode=osi&th=1&psc=1"><img src="https://m.media-amazon.com/images/I/31aebwb3nqL._SL500_.jpg" alt="Product Image"></a><p>LEPOWER Metal Desk Lamp, Eye-Caring Table Lamp, Study Lamps with Flexible Goose Neck for Bedroom, Home Office (Matte Black)</p><p> -24% 0FF </p><p>$24.99</p><a href="https://www.amazon.com/dp/B078W61H9P?tag=eloabder-20&linkCode=osi&th=1&psc=1">View Product</a></div><div class="product"><a href="https://www.amazon.com/dp/B0D1DLY4H4?tag=eloabder-20&linkCode=osi&th=1&psc=1"><img src="https://m.media-amazon.com/images/I/41sKiuSIwRL._SL500_.jpg" alt="Product Image"></a><p>SKYLEO Led Desk Lamp - Desk Light for 31.5" Tall - 5 Color Modes X 11 Brightness Levels - Adjustable Swing Arm - Timmer & Memory Function - 12W Lamp for Desk - Black</p><p> -23% 0FF </p><p>$19.99</p><a href="https://www.amazon.com/dp/B0D1DLY4H4?tag=eloabder-20&linkCode=osi&th=1&psc=1">View Product</a></div><div class="product"><a href="https://www.amazon.com/dp/B0D2LGK82V?tag=eloabder-20&linkCode=osi&th=1&psc=1"><img src="https://m.media-amazon.com/images/I/41UpQ-qygDL._SL500_.jpg" alt="Product Image"></a><p>Addtam LED Desk Lamp, Power Strip with 3 Outlets 4 USB Charging Ports(2 USBC), 4 Modes 5 Level Brightness Touch Lamp, Small Desk Lamp for Home Office College Dorm Room Essentials</p><p> -23% 0FF </p><p>$16.99</p><a href="https://www.amazon.com/dp/B0D2LGK82V?tag=eloabder-20&linkCode=osi&th=1&psc=1">View Product</a></div><div class="product"><a href="https://www.amazon.com/dp/B08LMTQ7ZF?tag=eloabder-20&linkCode=osi&th=1&psc=1"><img src="https://m.media-amazon.com/images/I/21vKPX2KHML._SL500_.jpg" alt="Product Image"></a><p>Lepro LED Desk Lamp for Home Office, 9.5W 750LM Metal Touch Control Desk Light, 5 Color Modes 5 Brightness Level, Eye Caring Task Lamp For Reading, Sewing, Crafts, School Supplies, Puzzle Light, Black</p><p> -13% 0FF </p><p>$24.99</p><a href="https://www.amazon.com/dp/B08LMTQ7ZF?tag=eloabder-20&linkCode=osi&th=1&psc=1">View Product</a></div>
<div class="product"><a href="https://www.amazon.com/dp/B0D7BXNDP4?tag=eloabder-20&linkCode=osi&th=1&psc=1"><img src="https://m.media-amazon.com/images/I/41DuEunZ1+L._SL500_.jpg" alt="Product Image"></a><p>Monitor Fan with Clamp & Light Bar Desk Lamp with fan for Office mini Desk fan small quiet with lamp for PC Laptops Tablet for Home Office Portable Working Reading Stand Lamp</p><p> -5% 0FF </p><p>$15.19</p><a href="https://www.amazon.com/dp/B0D7BXNDP4?tag=eloabder-20&linkCode=osi&th=1&psc=1">View Product</a></div><div class="product"><a href="https://www.amazon.com/dp/B07K1D41DC?tag=eloabder-20&linkCode=osi&th=1&psc=1"><img src="https://m.media-amazon.com/images/I/310MAouNV-L._SL500_.jpg" alt="Product Image"></a><p>OttLite Cool Breeze LED Lamp with Bladeless Fan - 3 Speed Options & 5 Brightness Settings with Energy Efficient Natural Daylight LEDs - Desktop, Table or Nightstand Lamp for Studying or Reading</p><p> -14% 0FF </p><p>$89.98</p><a href="https://www.amazon.com/dp/B07K1D41DC?tag=eloabder-20&linkCode=osi&th=1&psc=1">View Product</a></div>
<div class="product"><a href="https://www.amazon.com/dp/B0CXSXL1F2?tag=eloabder-20&linkCode=osi&th=1&psc=1"><img src="https://m.media-amazon.com/images/I/41H6cndt7iL._SL500_.jpg" alt="Product Image"></a><p>9 Pack Lined Sticky Notes 4x6 in Post Sticky Notes with Lines, 9 Bright Colors Self Sticky Notes Pad Its, Large Ruled Sticky Note for Office, Home, 35 Sheets/Pad</p><p> -33% 0FF </p><p>$7.99</p><a href="https://www.amazon.com/dp/B0CXSXL1F2?tag=eloabder-20&linkCode=osi&th=1&psc=1">View Product</a></div><div class="product"><a href="https://www.amazon.com/dp/B019QROV9S?tag=eloabder-20&linkCode=osi&th=1&psc=1"><img src="https://m.media-amazon.com/images/I/51OsStyntzL._SL500_.jpg" alt="Product Image"></a><p>Sharpie Clear View Highlighter Sticks, Chisel Tip, Assorted Fluorescent, 8 Count - School, Home, and Office Use, Teacher Supplies</p><p> -23% 0FF </p><p>$13.86</p><a href="https://www.amazon.com/dp/B019QROV9S?tag=eloabder-20&linkCode=osi&th=1&psc=1">View Product</a></div>
<div class="product"><a href="https://www.amazon.com/dp/B082PN4X5J?tag=eloabder-20&linkCode=osi&th=1&psc=1"><img src="https://m.media-amazon.com/images/I/51o+eA8g6nL._SL500_.jpg" alt="Product Image"></a><p>Sharpie S-Gel Gel Pens, Black Barrel, Medium Point (0.7mm), Black Gel Ink Pens, 12 Count - Home, Office, School, Journaling, Writing, Note-Taking, Teacher Supplies</p><p> -14% 0FF </p><p>$11.97</p><a href="https://www.amazon.com/dp/B082PN4X5J?tag=eloabder-20&linkCode=osi&th=1&psc=1">View Product</a></div><div class="product"><a href="https://www.amazon.com/dp/B0C9W8DD9S?tag=eloabder-20&linkCode=osi&th=1&psc=1"><img src="https://m.media-amazon.com/images/I/41mdSvEwNZL._SL500_.jpg" alt="Product Image"></a><p>Ddaowanx Gel Pens, 6 Pcs 0.5mm Quick Dry Black Ink Pens Fine Point Smooth Writing Pens, Cute Office School Supplies Gifts for Women</p><p> -10% 0FF </p><p>$8.99</p><a href="https://www.amazon.com/dp/B0C9W8DD9S?tag=eloabder-20&linkCode=osi&th=1&psc=1">View Product</a></div><div class="product"><a href="https://www.amazon.com/dp/B019QBOG3U?tag=eloabder-20&linkCode=osi&th=1&psc=1"><img src="https://m.media-amazon.com/images/I/416PjSebDoL._SL500_.jpg" alt="Product Image"></a><p>Paper Mate Colorful Gel Pens - InkJoy Gel Pens Assorted Medium Point (0.7). Perfect for Vibrant Colored Writing and Sketching with Paper Mate InkJoy 14 Count</p><p> -18% 0FF </p><p>$10.31</p><a href="https://www.amazon.com/dp/B019QBOG3U?tag=eloabder-20&linkCode=osi&th=1&psc=1">View Product</a></div><div class="product"><a href="https://www.amazon.com/dp/B0C73JDN4S?tag=eloabder-20&linkCode=osi&th=1&psc=1"><img src="https://m.media-amazon.com/images/I/51DJUUxL7HL._SL500_.jpg" alt="Product Image"></a><p>Linbsunne Ballpoint Pens Black Medium Point 1mm Pen with Super Soft Grip Ball Point Pen for Men Women Retractable Pens (gold-12 pcs)</p><p> -10% 0FF </p><p>$8.99</p><a href="https://www.amazon.com/dp/B0C73JDN4S?tag=eloabder-20&linkCode=osi&th=1&psc=1">View Product</a></div><div class="product"><a href="https://www.amazon.com/dp/B001OTA66O?tag=eloabder-20&linkCode=osi&th=1&psc=1"><img src="https://m.media-amazon.com/images/I/41yS5tBZQLL._SL500_.jpg" alt="Product Image"></a><p>BIC Glide Black Retractable Ballpoint Pens, Medium Point (1.0mm), 4-Count Pack, Ultra Smooth Writing Black Pens</p><p> -40% 0FF </p><p>$2.99</p><a href="https://www.amazon.com/dp/B001OTA66O?tag=eloabder-20&linkCode=osi&th=1&psc=1">View Product</a></div>
<div class="product"><a href="https://www.amazon.com/dp/B002HVXXCW?tag=eloabder-20&linkCode=osi&th=1&psc=1"><img src="https://m.media-amazon.com/images/I/41JeEedXCeL._SL500_.jpg" alt="Product Image"></a><p>Ticonderoga Wood-Cased Pencils, Pre-Sharpened, 2 HB Soft, Yellow, 10 Count</p><p> -58% 0FF </p><p>$2.49</p><a href="https://www.amazon.com/dp/B002HVXXCW?tag=eloabder-20&linkCode=osi&th=1&psc=1">View Product</a></div><div class="product"><a href="https://www.amazon.com/dp/B077Q4B6YN?tag=eloabder-20&linkCode=osi&th=1&psc=1"><img src="https://m.media-amazon.com/images/I/4160YcHGDNL._SL500_.jpg" alt="Product Image"></a><p>Paper Mate 2017483 Mechanical Pencils for Handwriting, Triangular, 5/PK, AST</p><p> -45% 0FF </p><p>$3.47</p><a href="https://www.amazon.com/dp/B077Q4B6YN?tag=eloabder-20&linkCode=osi&th=1&psc=1">View Product</a></div>
<div class="product"><a href="https://www.amazon.com/dp/B0D7YTZNRF?tag=eloabder-20&linkCode=osi&th=1&psc=1"><img src="https://m.media-amazon.com/images/I/41hSbSlNAmL._SL500_.jpg" alt="Product Image"></a><p>YASNAY Alcohol Markers, 48 Colors Dual Tip Art Marker, Drawing Markers, Coloring Marker for Kids Sketching Adult Coloring</p><p> -27% 0FF </p><p>$10.99</p><a href="https://www.amazon.com/dp/B0D7YTZNRF?tag=eloabder-20&linkCode=osi&th=1&psc=1">View Product</a></div><div class="product"><a href="https://www.amazon.com/dp/B07CJ8QXF8?tag=eloabder-20&linkCode=osi&th=1&psc=1"><img src="https://m.media-amazon.com/images/I/51bChi4-H4L._SL500_.jpg" alt="Product Image"></a><p>Dual Markers Brush Pens, 36 Fine Point Art Marker, Double Tip Colored Pen for Adult Coloring Hand Lettering, School Classroom Art Suppliers</p><p> -20% 0FF </p><p>$7.98</p><a href="https://www.amazon.com/dp/B07CJ8QXF8?tag=eloabder-20&linkCode=osi&th=1&psc=1">View Product</a></div><div class="product"><a href="https://www.amazon.com/dp/B071CP6X88?tag=eloabder-20&linkCode=osi&th=1&psc=1"><img src="https://m.media-amazon.com/images/I/41sNeEYkTNL._SL500_.jpg" alt="Product Image"></a><p>Crayola Super Tips Marker Set for Kids (100ct), Broad Tip & Fine Point Washable Art Markers for Kids, Bulk School Supplies, Teacher Classroom Must Haves, Drawing Supplies</p><p> -19% 0FF </p><p>$16.29</p><a href="https://www.amazon.com/dp/B071CP6X88?tag=eloabder-20&linkCode=osi&th=1&psc=1">View Product</a></div><div class="product"><a href="https://www.amazon.com/dp/B08MBFPFCQ?tag=eloabder-20&linkCode=osi&th=1&psc=1"><img src="https://m.media-amazon.com/images/I/51DaGL7Z4oL._SL500_.jpg" alt="Product Image"></a><p>Sharpie Permanent Markers Variety Pack, Includes Chisel, Fine, and Ultra-Fine Tips, Marker Set, Writing, Coloring, Poster, Office, School Supplies, Black, 6 Count</p><p> -19% 0FF </p><p>$4.63 ($0.77 / Count)</p><a href="https://www.amazon.com/dp/B08MBFPFCQ?tag=eloabder-20&linkCode=osi&th=1&psc=1">View Product</a></div>
<div class="product"><a href="https://www.amazon.com/dp/B09Y2KJ2KX?tag=eloabder-20&linkCode=osi&th=1&psc=1"><img src="https://m.media-amazon.com/images/I/41EhQr7suML._SL500_.jpg" alt="Product Image"></a><p>Sharpie Pocket Highlighters, Mild Pastel Colors, Assorted, Chisel Tip, 12 Count - School, Home, and Office Use, Teacher Supplies</p><p> -22% 0FF </p><p>$7.76 ($0.65 / Count)</p><a href="https://www.amazon.com/dp/B09Y2KJ2KX?tag=eloabder-20&linkCode=osi&th=1&psc=1">View Product</a></div><div class="product"><a href="https://www.amazon.com/dp/B08698MJWT?tag=eloabder-20&linkCode=osi&th=1&psc=1"><img src="https://m.media-amazon.com/images/I/512N7aYt5oL._SL500_.jpg" alt="Product Image"></a><p>Sharpie S-Note Creative Markers, Pastel Highlighters, Art Marker Set, Assorted Colors, Chisel Tip, 24 Count - School, Home, and Office Use, Teacher Supplies</p><p> -60% 0FF </p><p>$8.83</p><a href="https://www.amazon.com/dp/B08698MJWT?tag=eloabder-20&linkCode=osi&th=1&psc=1">View Product</a></div>
<div class="product"><a href="https://www.amazon.com/dp/B097DPQPYN?tag=eloabder-20&linkCode=osi&th=1&psc=1"><img src="https://m.media-amazon.com/images/I/51nFyQPtfkL._SL500_.jpg" alt="Product Image"></a><p>Sonuimy Pencil Sharpeners, 4 Pcs Pencil Sharpeners Manual,Dual Holes Compact Colored Handheld Pencil Sharpener for Kids with Lid Adults Students School Class Home Office (Covered)</p><p> -13% 0FF </p><p>$4.49</p><a href="https://www.amazon.com/dp/B097DPQPYN?tag=eloabder-20&linkCode=osi&th=1&psc=1">View Product</a></div><div class="product"><a href="https://www.amazon.com/dp/B000MFN1G8?tag=eloabder-20&linkCode=osi&th=1&psc=1"><img src="https://m.media-amazon.com/images/I/41JPflroUEL._SL500_.jpg" alt="Product Image"></a><p>Compact Desktop Electric Pencil Sharpener, Black, Sold as 1 Each</p><p> -21% 0FF </p><p>$15.89</p><a href="https://www.amazon.com/dp/B000MFN1G8?tag=eloabder-20&linkCode=osi&th=1&psc=1">View Product</a></div><div class="product"><a href="https://www.amazon.com/dp/B00125KXGI?tag=eloabder-20&linkCode=osi&th=1&psc=1"><img src="https://m.media-amazon.com/images/I/51avY0bZv6L._SL500_.jpg" alt="Product Image"></a><p>Bostitch Office Personal Electric Pencil Sharpener, Powerful Stall-Free Motor, High Capacity Shavings Tray, Blue</p><p> -13% 0FF </p><p>$17.48</p><a href="https://www.amazon.com/dp/B00125KXGI?tag=eloabder-20&linkCode=osi&th=1&psc=1">View Product</a></div><div class="product"><a href="https://www.amazon.com/dp/B078DZY9Z5?tag=eloabder-20&linkCode=osi&th=1&psc=1"><img src="https://m.media-amazon.com/images/I/41KbUFGrXfL._SL500_.jpg" alt="Product Image"></a><p>JARLINK Electric Pencil Sharpener, Heavy-Duty Helical Blade to Fast Sharpen, Auto Stop for No.2/Colored Pencils(6-8mm), AC Adapter/Battery Operated in School Classroom/Office/Home (Black)</p><p> -21% 0FF </p><p>$16.98</p><a href="https://www.amazon.com/dp/B078DZY9Z5?tag=eloabder-20&linkCode=osi&th=1&psc=1">View Product</a></div><div class="product"><a href="https://www.amazon.com/dp/B08DLXH86D?tag=eloabder-20&linkCode=osi&th=1&psc=1"><img src="https://m.media-amazon.com/images/I/41UghsnBycL._SL500_.jpg" alt="Product Image"></a><p>Aogwat Pencil Sharpener Electric Pencil Sharpener for Kids, Blade to Fast Sharpen, Suitable for No.2/School/Classroom/Office/Home (Black)</p><p> -23% 0FF </p><p>$9.99</p><a href="https://www.amazon.com/dp/B08DLXH86D?tag=eloabder-20&linkCode=osi&th=1&psc=1">View Product</a></div><div class="product"><a href="https://www.amazon.com/dp/B000GP0VIU?tag=eloabder-20&linkCode=osi&th=1&psc=1"><img src="https://m.media-amazon.com/images/I/318OKKSwzbL._SL500_.jpg" alt="Product Image"></a><p>Bostitch Office Wall Mount Manual Pencil Sharpener, Tip Saver, 8 Hole Dial, 6X Longer Cutter Life, Vertical or Horizontal Mounting Black (MPS1-BLK)</p><p> -9% 0FF </p><p>$13.18</p><a href="https://www.amazon.com/dp/B000GP0VIU?tag=eloabder-20&linkCode=osi&th=1&psc=1">View Product</a></div>
<div class="product"><a href="https://www.amazon.com/dp/B00094H4LU?tag=eloabder-20&linkCode=osi&th=1&psc=1"><img src="https://m.media-amazon.com/images/I/41f-fbZYU1L._SL500_.jpg" alt="Product Image"></a><p>Paper Mate Erasers | Pink Pearl Large Erasers 12 Count</p><p> -55% 0FF </p><p>$6.03</p><a href="https://www.amazon.com/dp/B00094H4LU?tag=eloabder-20&linkCode=osi&th=1&psc=1">View Product</a></div><div class="product"><a href="https://www.amazon.com/dp/B07DPVVMWB?tag=eloabder-20&linkCode=osi&th=1&psc=1"><img src="https://m.media-amazon.com/images/I/51wLlsENgiL._SL500_.jpg" alt="Product Image"></a><p>Mr. Pen Erasers for Pencils, 120 Pack, Pencil Top Erasers, Eraser Caps, Cap Tops, Topper Erasers. Ereaser</p><p> -24% 0FF </p><p>$5.95</p><a href="https://www.amazon.com/dp/B07DPVVMWB?tag=eloabder-20&linkCode=osi&th=1&psc=1">View Product</a></div><div class="product"><a href="https://www.amazon.com/dp/B07144DC8V?tag=eloabder-20&linkCode=osi&th=1&psc=1"><img src="https://m.media-amazon.com/images/I/51Ed1+HW9cL._SL500_.jpg" alt="Product Image"></a><p>Pentel Hi-Polymer Block Eraser, White, 10/Box (ZEH10PC10)</p><p> -44% 0FF </p><p>$9.99</p><a href="https://www.amazon.com/dp/B07144DC8V?tag=eloabder-20&linkCode=osi&th=1&psc=1">View Product</a></div><div class="product"><a href="https://www.amazon.com/dp/B0047CT6SE?tag=eloabder-20&linkCode=osi&th=1&psc=1"><img src="https://m.media-amazon.com/images/I/41bhWXKeeiL._SL500_.jpg" alt="Product Image"></a><p>Pentel Clic Retractable Eraser with Grip, 3 Pack</p><p> -29% 0FF </p><p>$4.77</p><a href="https://www.amazon.com/dp/B0047CT6SE?tag=eloabder-20&linkCode=osi&th=1&psc=1">View Product</a></div>
<div class="product"><a href="https://www.amazon.com/dp/B09S9X3HV7?tag=eloabder-20&linkCode=osi&th=1&psc=1"><img src="https://m.media-amazon.com/images/I/51GgMyfl5VL._SL500_.jpg" alt="Product Image"></a><p>Color Transparent Ruler Plastic Rulers - Ruler 12 inch, Kids Ruler for School, Ruler with Centimeters, Millimeter and Inches, Assorted Colors, Clear Rulers, 7 Pack School Rulers</p><p> -16% 0FF </p><p>$5.99</p><a href="https://www.amazon.com/dp/B09S9X3HV7?tag=eloabder-20&linkCode=osi&th=1&psc=1">View Product</a></div><div class="product"><a href="https://www.amazon.com/dp/B06XK9VQM4?tag=eloabder-20&linkCode=osi&th=1&psc=1"><img src="https://m.media-amazon.com/images/I/51Glln3n-nL._SL500_.jpg" alt="Product Image"></a><p>Outus 12 Pack Wood Ruler Bulk for Students Wooden School Rulers Gifts Office Classroom Measuring, 2 Scale, 12 Inch and 30 cm</p><p> -6% 0FF </p><p>$7.99</p><a href="https://www.amazon.com/dp/B06XK9VQM4?tag=eloabder-20&linkCode=osi&th=1&psc=1">View Product</a></div><div class="product"><a href="https://www.amazon.com/dp/B0B5MLTG7J?tag=eloabder-20&linkCode=osi&th=1&psc=1"><img src="https://m.media-amazon.com/images/I/51z9LUxLKmL._SL500_.jpg" alt="Product Image"></a><p>DAGONGREN 30 Pack Clear Plastic Rulers 12 Inch,Transparent Assorted Color Metric Bulk Rulers with Inches and Centimeters,Kids Ruler for School,Home,Office</p><p> -9% 0FF </p><p>$9.99</p><a href="https://www.amazon.com/dp/B0B5MLTG7J?tag=eloabder-20&linkCode=osi&th=1&psc=1">View Product</a></div><div class="product"><a href="https://www.amazon.com/dp/B096MPPF53?tag=eloabder-20&linkCode=osi&th=1&psc=1"><img src="https://m.media-amazon.com/images/I/51qUpElDRcS._SL500_.jpg" alt="Product Image"></a><p>Tenare 1 Set Plastic Clear Math Set Includes Protractor Triangle Rulers 12 Inch 6 Inch Straight Geometry Math Transparent Ruler Measuring Tool for School Office Home Supplies(Clear)</p><p> -25% 0FF </p><p>$5.98</p><a href="https://www.amazon.com/dp/B096MPPF53?tag=eloabder-20&linkCode=osi&th=1&psc=1">View Product</a></div>
<div class="product"><a href="https://www.amazon.com/dp/B07YDDX4JL?tag=eloabder-20&linkCode=osi&th=1&psc=1"><img src="https://m.media-amazon.com/images/I/41oBPZwCRLL._SL500_.jpg" alt="Product Image"></a><p>3-Pack 8" Heavy Duty Scissors with Ultra Sharp Blades and Comfort Grip Handles - For Office, Home, School, Sewing, and Crafts</p><p> -15% 0FF </p><p>$8.49 ($2.83 / Count)</p><a href="https://www.amazon.com/dp/B07YDDX4JL?tag=eloabder-20&linkCode=osi&th=1&psc=1">View Product</a></div><div class="product"><a href="https://www.amazon.com/dp/B01BRGU8R0?tag=eloabder-20&linkCode=osi&th=1&psc=1"><img src="https://m.media-amazon.com/images/I/41ANVra+eNL._SL500_.jpg" alt="Product Image"></a><p>Amazon Basics Stainless Steel Scissors for Office, Crafts, Multipurpose, Sharp, Comfort Grip, PVD Coated, 3 Pack, Multicolor</p><p> -45% 0FF </p><p>$7.55</p><a href="https://www.amazon.com/dp/B01BRGU8R0?tag=eloabder-20&linkCode=osi&th=1&psc=1">View Product</a></div><div class="product"><a href="https://www.amazon.com/dp/B000P0LNRE?tag=eloabder-20&linkCode=osi&th=1&psc=1"><img src="https://m.media-amazon.com/images/I/41fWgMTO0JL._SL500_.jpg" alt="Product Image"></a><p>Westcott 8-Inch Titanium-Bonded Scissors with Adjustable Glide Feature for Office and Home - Gray/Yellow, 2-Pack</p><p> -33% 0FF </p><p>$9.97</p><a href="https://www.amazon.com/dp/B000P0LNRE?tag=eloabder-20&linkCode=osi&th=1&psc=1">View Product</a></div>
<div class="product"><a href="https://www.amazon.com/dp/B074ZRZ4CZ?tag=eloabder-20&linkCode=osi&th=1&psc=1"><img src="https://m.media-amazon.com/images/I/41bu+HKxC2L._SL500_.jpg" alt="Product Image"></a><p>Swingline Commercial Stapler, 20 Sheet Capacity, Jam Free, Metal, 2 Pack, Black (44401AZ)</p><p> -5% 0FF </p><p>$18.98</p><a href="https://www.amazon.com/dp/B074ZRZ4CZ?tag=eloabder-20&linkCode=osi&th=1&psc=1">View Product</a></div><div class="product"><a href="https://www.amazon.com/dp/B001PME62K?tag=eloabder-20&linkCode=osi&th=1&psc=1"><img src="https://m.media-amazon.com/images/I/41gbaJu-3iL._SL500_.jpg" alt="Product Image"></a><p>Swingline Stapler, 40 Sheet Capacity, Optima 40, Jam Free, Reduced Effort, Soft Grip, Metal, Orange and Gray (87845)</p><p> -14% 0FF </p><p>$24.19</p><a href="https://www.amazon.com/dp/B001PME62K?tag=eloabder-20&linkCode=osi&th=1&psc=1">View Product</a></div><div class="product"><a href="https://www.amazon.com/dp/B0D2JBKYM1?tag=eloabder-20&linkCode=osi&th=1&psc=1"><img src="https://m.media-amazon.com/images/I/41zFTU9QpfL._SL500_.jpg" alt="Product Image"></a><p>Bostitch Office Stapler, No-Jam Premium for Desktop, Includes 1,250 Staples, Full-Strip, 25 Sheet Capacity, Black</p><p> -26% 0FF </p><p>$6.99</p><a href="https://www.amazon.com/dp/B0D2JBKYM1?tag=eloabder-20&linkCode=osi&th=1&psc=1">View Product</a></div><div class="product"><a href="https://www.amazon.com/dp/B0CC5GJKM1?tag=eloabder-20&linkCode=osi&th=1&psc=1"><img src="https://m.media-amazon.com/images/I/41JDDoSZQiL._SL500_.jpg" alt="Product Image"></a><p>Metal Stapler Heavy Duty 50 Sheet Capacity with 1750 Staples and Staple Remover, Full Strip Staplers for Desk, No Jam, Non-Slip for Office & Classroom, Black</p><p> -33% 0FF </p><p>$13.29</p><a href="https://www.amazon.com/dp/B0CC5GJKM1?tag=eloabder-20&linkCode=osi&th=1&psc=1">View Product</a></div><div class="product"><a href="https://www.amazon.com/dp/B0006HUQZ6?tag=eloabder-20&linkCode=osi&th=1&psc=1"><img src="https://m.media-amazon.com/images/I/31e-T-f1TGL._SL500_.jpg" alt="Product Image"></a><p>Swingline Stapler, 30 Sheet Capacity, 747 Business Stapler, Jam Free, Metal, Rio Red (74736)</p><p> -23% 0FF </p><p>$15.30</p><a href="https://www.amazon.com/dp/B0006HUQZ6?tag=eloabder-20&linkCode=osi&th=1&psc=1">View Product</a></div>
<div class="product"><a href="https://www.amazon.com/dp/B00J8PJJF0?tag=eloabder-20&linkCode=osi&th=1&psc=1"><img src="https://m.media-amazon.com/images/I/418dc+5ZGkL._SL500_.jpg" alt="Product Image"></a><p>Bostitch Office Premium Standard Staples, 1/4" Full Strip, Box of 5,000 Staples</p><p> -27% 0FF </p><p>$4.39</p><a href="https://www.amazon.com/dp/B00J8PJJF0?tag=eloabder-20&linkCode=osi&th=1&psc=1">View Product</a></div><div class="product"><a href="https://www.amazon.com/dp/B079VYR12V?tag=eloabder-20&linkCode=osi&th=1&psc=1"><img src="https://m.media-amazon.com/images/I/51xAt88vqrL._SL500_.jpg" alt="Product Image"></a><p>Officemate Standard Staples, 10 Boxes General Purpose Staple (91950)</p><p> -10% 0FF </p><p>$14.37</p><a href="https://www.amazon.com/dp/B079VYR12V?tag=eloabder-20&linkCode=osi&th=1&psc=1">View Product</a></div><div class="product"><a href="https://www.amazon.com/dp/B00006IFMQ?tag=eloabder-20&linkCode=osi&th=1&psc=1"><img src="https://m.media-amazon.com/images/I/51UsWZuFq8L._SL500_.jpg" alt="Product Image"></a><p>Bostitch Office B8 PowerCrown 0.25 Inch Staples, Pack of 5,000 Staples (STCRP21151/4), Silver</p><p> -30% 0FF </p><p>$2.33</p><a href="https://www.amazon.com/dp/B00006IFMQ?tag=eloabder-20&linkCode=osi&th=1&psc=1">View Product</a></div>
<div class="product"><a href="https://www.amazon.com/dp/B000J07BRQ?tag=eloabder-20&linkCode=osi&th=1&psc=1"><img src="https://m.media-amazon.com/images/I/51QpJKjajbL._SL500_.jpg" alt="Product Image"></a><p>Scotch Heavy Duty Shipping Packing Tape, Clear, Packing Tape for Moving Boxes and Packaging Supplies, 1.88 in. x 22.2 yd., 6 Roll Dispensers, Moving Supplies</p><p> -35% 0FF </p><p>$12.99</p><a href="https://www.amazon.com/dp/B000J07BRQ?tag=eloabder-20&linkCode=osi&th=1&psc=1">View Product</a></div><div class="product"><a href="https://www.amazon.com/dp/B0000DH8HQ?tag=eloabder-20&linkCode=osi&th=1&psc=1"><img src="https://m.media-amazon.com/images/I/414lAY+087L._SL500_.jpg" alt="Product Image"></a><p>Scotch Magic Tape, Invisible Transparent Tape, 6 Tape Rolls with Dispensers, 3/4 in x 650 in</p><p> -23% 0FF </p><p>$12.34</p><a href="https://www.amazon.com/dp/B0000DH8HQ?tag=eloabder-20&linkCode=osi&th=1&psc=1">View Product</a></div><div class="product"><a href="https://www.amazon.com/dp/B0DQHV6X92?tag=eloabder-20&linkCode=osi&th=1&psc=1"><img src="https://m.media-amazon.com/images/I/51ViCFlgldL._SL500_.jpg" alt="Product Image"></a><p>BeataTap Tape, Invisible Tape, 6 Rolls + 6 Refillable Dispensers, Matte Finish, Writable, 3/4″ x 650″, Transparent Tape, Clear Tape for Gift Wrapping Paper, School Supplies</p><p> -15% 0FF </p><p>$5.94 ($0.99 / Count)</p><a href="https://www.amazon.com/dp/B0DQHV6X92?tag=eloabder-20&linkCode=osi&th=1&psc=1">View Product</a></div><div class="product"><a href="https://www.amazon.com/dp/B07CB6LN5S?tag=eloabder-20&linkCode=osi&th=1&psc=1"><img src="https://m.media-amazon.com/images/I/41NNyeISnjL._SL500_.jpg" alt="Product Image"></a><p>Scotch Super-Hold Tape, 2 Rolls, Transparent Finish, 50% More Adhesive, Trusted Favorite, 3/4 x 600 Inches, Dispensered (198DM-2)</p><p> -30% 0FF </p><p>$5.97</p><a href="https://www.amazon.com/dp/B07CB6LN5S?tag=eloabder-20&linkCode=osi&th=1&psc=1">View Product</a></div><div class="product"><a href="https://www.amazon.com/dp/B00464740A?tag=eloabder-20&linkCode=osi&th=1&psc=1"><img src="https://m.media-amazon.com/images/I/51ZPFoiGfuL._SL500_.jpg" alt="Product Image"></a><p>Scotch Sure Start Shipping Packaging Tape, 1.88" x 22.2 yd, Designed for Packing, Shipping and Mailing, Quiet Unwind, No Splitting or Tearing, 1.5" Core, Clear, 6 Dispensered Rolls (145-6)</p><p> -28% 0FF </p><p>$13.48</p><a href="https://www.amazon.com/dp/B00464740A?tag=eloabder-20&linkCode=osi&th=1&psc=1">View Product</a></div><div class="product"><a href="https://www.amazon.com/dp/B09C6LLG9P?tag=eloabder-20&linkCode=osi&th=1&psc=1"><img src="https://m.media-amazon.com/images/I/41rbv66ZNBL._SL500_.jpg" alt="Product Image"></a><p>Scotch Box Lock Packaging Tape, 1 Roll with Dispenser, 1.88 in x 1000 in, Extreme Grip, Sticks Instantly to Any Box (195L)</p><p> -31% 0FF </p><p>$4.12</p><a href="https://www.amazon.com/dp/B09C6LLG9P?tag=eloabder-20&linkCode=osi&th=1&psc=1">View Product</a></div>
<div class="product"><a href="https://www.amazon.com/dp/B08QQZ71CV?tag=eloabder-20&linkCode=osi&th=1&psc=1"><img src="https://m.media-amazon.com/images/I/51Foz0aGYoS._SL500_.jpg" alt="Product Image"></a><p>Gorilla Super Glue, Clear Glue, Four 3 Gram Tubes (Pack of 1) - All Purpose and Fast Setting for Projects and Repairs</p><p> -25% 0FF </p><p>$9.49 ($22.60 / Ounce)</p><a href="https://www.amazon.com/dp/B08QQZ71CV?tag=eloabder-20&linkCode=osi&th=1&psc=1">View Product</a></div><div class="product"><a href="https://www.amazon.com/dp/B07J6R3GK7?tag=eloabder-20&linkCode=osi&th=1&psc=1"><img src="https://m.media-amazon.com/images/I/31kdOjGBkpL._SL500_.jpg" alt="Product Image"></a><p>Amazon Basics All Purpose Washable School Clear Liquid Glue - Great for Making Slime, 128 fl oz</p><p> -6% 0FF </p><p>$16.13</p><a href="https://www.amazon.com/dp/B07J6R3GK7?tag=eloabder-20&linkCode=osi&th=1&psc=1">View Product</a></div><div class="product"><a href="https://www.amazon.com/dp/B00178QQJ8?tag=eloabder-20&linkCode=osi&th=1&psc=1"><img src="https://m.media-amazon.com/images/I/41zs6k410RL._SL500_.jpg" alt="Product Image"></a><p>Mod Podge Gloss Sealer, Glue & Finish: All-in-One Craft Solution- Quick Dry, Easy Clean, for Wood, Paper, Fabric & More. Non-Toxic - Craft with Confidence, Made in USA, 16 oz., Pack of 1</p><p> -36% 0FF </p><p>$7.99 ($0.50 / Fl Oz)</p><a href="https://www.amazon.com/dp/B00178QQJ8?tag=eloabder-20&linkCode=osi&th=1&psc=1">View Product</a></div><div class="product"><a href="https://www.amazon.com/dp/B073V14DZJ?tag=eloabder-20&linkCode=osi&th=1&psc=1"><img src="https://m.media-amazon.com/images/I/31Iyy5+vk6L._SL500_.jpg" alt="Product Image"></a><p>Amazon Basics All Purpose Washable School Craft Liquid Glue for Making Slime, White, Single Pack, 1 Gallon</p><p> -7% 0FF </p><p>$15.54</p><a href="https://www.amazon.com/dp/B073V14DZJ?tag=eloabder-20&linkCode=osi&th=1&psc=1">View Product</a></div><div class="product"><a href="https://www.amazon.com/dp/B0006HUJCQ?tag=eloabder-20&linkCode=osi&th=1&psc=1"><img src="https://m.media-amazon.com/images/I/511pTqChTCL._SL500_.jpg" alt="Product Image"></a><p>Loctite Super Glue Gel Control, Clear, 0.14 fl oz Bottle, 1 Pack - Superglue for Plastic, Wood, Metal, Crafts & Repair, Cyanoacrylate Adhesive Instant Glue, Quick Dry</p><p> -13% 0FF </p><p>$3.64 ($26.00 / Fl Oz)</p><a href="https://www.amazon.com/dp/B0006HUJCQ?tag=eloabder-20&linkCode=osi&th=1&psc=1">View Product</a></div>
<div class="product"><a href="https://www.amazon.com/dp/B074XTRX7K?tag=eloabder-20&linkCode=osi&th=1&psc=1"><img src="https://m.media-amazon.com/images/I/31rOPIrMfDL._SL500_.jpg" alt="Product Image"></a><p>Amazon Basics Sturdy Binder Clips for Office Use, 96 Count (8 Pack of 12), Medium, 1.25 in, Black</p><p> -26% 0FF </p><p>$7.48</p><a href="https://www.amazon.com/dp/B074XTRX7K?tag=eloabder-20&linkCode=osi&th=1&psc=1">View Product</a></div><div class="product"><a href="https://www.amazon.com/dp/B00TQ8FDB8?tag=eloabder-20&linkCode=osi&th=1&psc=1"><img src="https://m.media-amazon.com/images/I/51y7lUrMLnL._SL500_.jpg" alt="Product Image"></a><p>ACCO Binder Clips, Medium, Black, 12 per Box, 2 Boxes (72062)</p><p> -25% 0FF </p><p>$5.96</p><a href="https://www.amazon.com/dp/B00TQ8FDB8?tag=eloabder-20&linkCode=osi&th=1&psc=1">View Product</a></div><div class="product"><a href="https://www.amazon.com/dp/B08KWCDP3C?tag=eloabder-20&linkCode=osi&th=1&psc=1"><img src="https://m.media-amazon.com/images/I/41qucDz6HuL._SL500_.jpg" alt="Product Image"></a><p>Ufmarine Medium Binder Clips 1.25 inch Length, (40 Pcs) Colorful Paper Clips Medium for Office</p><p> -12% 0FF </p><p>$5.99</p><a href="https://www.amazon.com/dp/B08KWCDP3C?tag=eloabder-20&linkCode=osi&th=1&psc=1">View Product</a></div>
<div class="product"><a href="https://www.amazon.com/dp/B09XQLJFDD?tag=eloabder-20&linkCode=osi&th=1&psc=1"><img src="https://m.media-amazon.com/images/I/41iiSFMy4uL._SL500_.jpg" alt="Product Image"></a><p>PAPERPAL Paperclips for Office School & Personal Use, #1 Nonskid Paper Clip (1-2/7"), 600 Medium Paper Clips (6 Boxes of 100 Each), Silver</p><p> -20% 0FF </p><p>$7.99</p><a href="https://www.amazon.com/dp/B09XQLJFDD?tag=eloabder-20&linkCode=osi&th=1&psc=1">View Product</a></div>

<div class="product"><a href="https://www.amazon.com/dp/B004I2G8NO?tag=eloabder-20&linkCode=osi&th=1&psc=1"><img src="https://m.media-amazon.com/images/I/51WEsLRINGL._SL500_.jpg" alt="Product Image"></a><p>Business Source Rubber Band, Natural (1914LB)</p><p> -26% 0FF </p><p>$4.00</p><a href="https://www.amazon.com/dp/B004I2G8NO?tag=eloabder-20&linkCode=osi&th=1&psc=1">View Product</a></div><div class="product"><a href="https://www.amazon.com/dp/B077GDY1LP?tag=eloabder-20&linkCode=osi&th=1&psc=1"><img src="https://m.media-amazon.com/images/I/41nn0nmNTiL._SL500_.jpg" alt="Product Image"></a><p>ANNIE 1000 RUBBER BANDS 1/2" #BLACK</p><p> -7% 0FF </p><p>$4.90 ($1.22 / Count)</p><a href="https://www.amazon.com/dp/B077GDY1LP?tag=eloabder-20&linkCode=osi&th=1&psc=1">View Product</a></div><div class="product"><a href="https://www.amazon.com/dp/B000783OPI?tag=eloabder-20&linkCode=osi&th=1&psc=1"><img src="https://m.media-amazon.com/images/I/510okXKzMqL._SL500_.jpg" alt="Product Image"></a><p>Universal 00419 19-Size Rubber Bands (335 Per Pack), Beige</p><p> -29% 0FF </p><p>$3.44</p><a href="https://www.amazon.com/dp/B000783OPI?tag=eloabder-20&linkCode=osi&th=1&psc=1">View Product</a></div><div class="product"><a href="https://www.amazon.com/dp/B00006IBRU?tag=eloabder-20&linkCode=osi&th=1&psc=1"><img src="https://m.media-amazon.com/images/I/51pU5khkX8L._SL500_.jpg" alt="Product Image"></a><p>ALL26335 - Alliance Rubber 26335 Advantage Rubber Bands - Size #33, Natural, 1 Pound 3 x 1/8 inches</p><p> -62% 0FF </p><p>$3.29</p><a href="https://www.amazon.com/dp/B00006IBRU?tag=eloabder-20&linkCode=osi&th=1&psc=1">View Product</a></div>
<div class="product"><a href="https://www.amazon.com/dp/B0DSKTZBB6?tag=eloabder-20&linkCode=osi&th=1&psc=1"><img src="https://m.media-amazon.com/images/I/415YD3kNFlL._SL500_.jpg" alt="Product Image"></a><p>300 Count Colored Index Cards 3 x 5 Inch Ruled Index Cards, Flash Cards College Ruled for School, College, Office and Home Organization, Durable Study To Do List Note Cards with Ruled Lines</p><p> -10% 0FF </p><p>$6.29</p><a href="https://www.amazon.com/dp/B0DSKTZBB6?tag=eloabder-20&linkCode=osi&th=1&psc=1">View Product</a></div><div class="product"><a href="https://www.amazon.com/dp/B09JYQZQ3V?tag=eloabder-20&linkCode=osi&th=1&psc=1"><img src="https://m.media-amazon.com/images/I/41y5vfnutuL._SL500_.jpg" alt="Product Image"></a><p>Oxford Index Cards, 3 x 5 Inches, White, Lined on Front, Blank on Back, Flashcards for School and Studying, Recipe Note Cards, 500 Count (5 Packs of 100) (40176)</p><p> -22% 0FF </p><p>$7.01</p><a href="https://www.amazon.com/dp/B09JYQZQ3V?tag=eloabder-20&linkCode=osi&th=1&psc=1">View Product</a></div>

<div class="product"><a href="https://www.amazon.com/dp/B0033J6V3A?tag=eloabder-20&linkCode=osi&th=1&psc=1"><img src="https://m.media-amazon.com/images/I/21o5ASbichL._SL500_.jpg" alt="Product Image"></a><p>NuSparc 2 Drawer Locking Filing Cabinet | Pre-Assembled Steel Construction | Space-Saving Design is Perfect for Home and Small Office | Letter-Size | Assembled in North America</p><p> -14% 0FF </p><p>$76.99</p><a href="https://www.amazon.com/dp/B0033J6V3A?tag=eloabder-20&linkCode=osi&th=1&psc=1">View Product</a></div><div class="product"><a href="https://www.amazon.com/dp/B0D9XYD75W?tag=eloabder-20&linkCode=osi&th=1&psc=1"><img src="https://m.media-amazon.com/images/I/31VM3xK++PL._SL500_.jpg" alt="Product Image"></a><p>BYNSOE 2 Drawer File Cabinet with Lock Vertical Filing Storage Cabinet Office Home Steel Vertical File Cabinets for Letter Size File Cabinet Locked,Assembly Required</p><p> -8% 0FF </p><p>$54.99</p><a href="https://www.amazon.com/dp/B0D9XYD75W?tag=eloabder-20&linkCode=osi&th=1&psc=1">View Product</a></div><div class="product"><a href="https://www.amazon.com/dp/B0989HLF81?tag=eloabder-20&linkCode=osi&th=1&psc=1"><img src="https://m.media-amazon.com/images/I/51vzgnkbcjL._SL500_.jpg" alt="Product Image"></a><p>DEVAISE 3 Drawer Mobile File Cabinet, Wood Lateral Filing Cabinet, Printer Stand with Open Shelves for Home Office, Rustic Brown</p><p> -21% 0FF </p><p>$74.99</p><a href="https://www.amazon.com/dp/B0989HLF81?tag=eloabder-20&linkCode=osi&th=1&psc=1">View Product</a></div>
<div class="product"><a href="https://www.amazon.com/dp/B00006RSQD?tag=eloabder-20&linkCode=osi&th=1&psc=1"><img src="https://m.media-amazon.com/images/I/315rez3KpeL._SL500_.jpg" alt="Product Image"></a><p>Bush Business Furniture Series C 36W Tall 5 Shelf Bookcase in Hansen Cherry, Large Storage and Display Bookshelf for Home or Professional Office</p><p> -8% 0FF </p><p>$239.49</p><a href="https://www.amazon.com/dp/B00006RSQD?tag=eloabder-20&linkCode=osi&th=1&psc=1">View Product</a></div>
<div class="product"><a href="https://www.amazon.com/dp/B09F6JPYSY?tag=eloabder-20&linkCode=osi&th=1&psc=1"><img src="https://m.media-amazon.com/images/I/51fGLH7lhHL._SL500_.jpg" alt="Product Image"></a><p>SPACELEAD Slim Storage Cart 3 Tier,Bathroom Organizer Rolling Utility,Mobile Shelving Unit Slide Out for Office, Kitchen, Laundry Room & Narrow Places,Black</p><p> -30% 0FF </p><p>$20.99</p><a href="https://www.amazon.com/dp/B09F6JPYSY?tag=eloabder-20&linkCode=osi&th=1&psc=1">View Product</a></div><div class="product"><a href="https://www.amazon.com/dp/B08KFTVGQY?tag=eloabder-20&linkCode=osi&th=1&psc=1"><img src="https://m.media-amazon.com/images/I/51BjUEmGaiL._SL500_.jpg" alt="Product Image"></a><p>SONGMICS Cube Storage Organizer, Set of 16 Plastic Cubes, Closet Organizers and Storage, Room Organization, Bedroom Living Room, 12.2 x 48.4 x 48.4 Inches, Rustic Brown ULPC442A01</p><p> -15% 0FF </p><p>$46.99</p><a href="https://www.amazon.com/dp/B08KFTVGQY?tag=eloabder-20&linkCode=osi&th=1&psc=1">View Product</a></div><div class="product"><a href="https://www.amazon.com/dp/B0DG359YX5?tag=eloabder-20&linkCode=osi&th=1&psc=1"><img src="https://m.media-amazon.com/images/I/41OBXL4HJdL._SL500_.jpg" alt="Product Image"></a><p>VIVO Clamp-on 13 inch Above or Below Desk 2-Tier Shelving Unit for Table Accessories, Gaming Devices, and More, Storage Tray, Desktop Organizer, Rustic Vintage Brown, STAND-SHELF2C-N</p><p> -20% 0FF </p><p>$39.99</p><a href="https://www.amazon.com/dp/B0DG359YX5?tag=eloabder-20&linkCode=osi&th=1&psc=1">View Product</a></div><div class="product"><a href="https://www.amazon.com/dp/B0D7S5GGP6?tag=eloabder-20&linkCode=osi&th=1&psc=1"><img src="https://m.media-amazon.com/images/I/51EriWG2BLL._SL500_.jpg" alt="Product Image"></a><p>C&AHOME Wire Cube Storage, 9 - Cube Organizer Metal C Grids, Modular Shelves Units, Closet Organizer, Ideal for Home, Office, Living Room, 36.6”L x 12.4”W x 48.4”H, Silver Gray UWCS3009G</p><p> -33% 0FF </p><p>$28.87</p><a href="https://www.amazon.com/dp/B0D7S5GGP6?tag=eloabder-20&linkCode=osi&th=1&psc=1">View Product</a></div>
<div class="product"><a href="https://www.amazon.com/dp/B0B1M6ML2J?tag=eloabder-20&linkCode=osi&th=1&psc=1"><img src="https://m.media-amazon.com/images/I/51pX2Qo38JL._SL500_.jpg" alt="Product Image"></a><p>WOWBOX 25 PCS Clear Plastic Drawer Organizer Set, 4 Sizes Desk Drawer Divider Organizers and Storage Bins for Makeup, Jewelry, Gadgets for Kitchen, Bedroom, Bathroom, Office</p><p> -35% 0FF </p><p>$16.13 ($0.65 / Count)</p><a href="https://www.amazon.com/dp/B0B1M6ML2J?tag=eloabder-20&linkCode=osi&th=1&psc=1">View Product</a></div><div class="product"><a href="https://www.amazon.com/dp/B0DB8F7GDN?tag=eloabder-20&linkCode=osi&th=1&psc=1"><img src="https://m.media-amazon.com/images/I/51iOtKHzvCL._SL500_.jpg" alt="Product Image"></a><p>OPNICE Desk Organizer and Accessories, 2-Tier Computer Monitor Stand Riser with Drawer and 2 Pen Holders, Laptop Stand, Office Desk Accessories for Office Supplies, Black</p><p> -27% 0FF </p><p>$21.99</p><a href="https://www.amazon.com/dp/B0DB8F7GDN?tag=eloabder-20&linkCode=osi&th=1&psc=1">View Product</a></div><div class="product"><a href="https://www.amazon.com/dp/B0FQ86P4M3?tag=eloabder-20&linkCode=osi&th=1&psc=1"><img src="https://m.media-amazon.com/images/I/41ZDdyGnPxL._SL500_.jpg" alt="Product Image"></a><p>Mind Reader 2-Tier Desk Organizer with Clamp, Accessory Shelf for Office or Gaming, Office, Metal, White</p><p> -5% 0FF </p><p>$37.99</p><a href="https://www.amazon.com/dp/B0FQ86P4M3?tag=eloabder-20&linkCode=osi&th=1&psc=1">View Product</a></div><div class="product"><a href="https://www.amazon.com/dp/B0BYDGF8DT?tag=eloabder-20&linkCode=osi&th=1&psc=1"><img src="https://m.media-amazon.com/images/I/51sE2GzgVNL._SL500_.jpg" alt="Product Image"></a><p>OPNICE Desk Organizer and Accessories, 4-Tier Desktop File Organizer with Drawer and 2 Pen Holders, Office Desk Accessories, Workspace Organizers for Office Supplies(Black)</p><p> -33% 0FF </p><p>$19.99</p><a href="https://www.amazon.com/dp/B0BYDGF8DT?tag=eloabder-20&linkCode=osi&th=1&psc=1">View Product</a></div><div class="product"><a href="https://www.amazon.com/dp/B0DJKSMV2T?tag=eloabder-20&linkCode=osi&th=1&psc=1"><img src="https://m.media-amazon.com/images/I/41gO3CCIg1L._SL500_.jpg" alt="Product Image"></a><p>gianotter Dual Monitor Stand Riser, Desk Organizer With Drawer and 2 Pen Holders, Computer Monitor Stand, Shelf for Top of Desk, Black</p><p> -28% 0FF </p><p>$25.99</p><a href="https://www.amazon.com/dp/B0DJKSMV2T?tag=eloabder-20&linkCode=osi&th=1&psc=1">View Product</a></div><div class="product"><a href="https://www.amazon.com/dp/B0BWTT3WK1?tag=eloabder-20&linkCode=osi&th=1&psc=1"><img src="https://m.media-amazon.com/images/I/51JTe2SjicL._SL500_.jpg" alt="Product Image"></a><p>gianotter Desk Organizers and Accessories with File Holder, 4-Tier Desk Accessories & Workspace Organizers with Drawer and 2 Pen Holder, Paper Organizer for Office Supplies (Rose Gold)</p><p> -27% 0FF </p><p>$23.99</p><a href="https://www.amazon.com/dp/B0BWTT3WK1?tag=eloabder-20&linkCode=osi&th=1&psc=1">View Product</a></div><div class="product"><a href="https://www.amazon.com/dp/B09QKDY1YY?tag=eloabder-20&linkCode=osi&th=1&psc=1"><img src="https://m.media-amazon.com/images/I/519UVM73B6L._SL500_.jpg" alt="Product Image"></a><p>Supeasy 5 Trays Paper Organizer Letter Tray with Handle-Mesh Desk File Organizer, Paper Sorter Desk Organizer for Office, Home or School</p><p> -17% 0FF </p><p>$19.99</p><a href="https://www.amazon.com/dp/B09QKDY1YY?tag=eloabder-20&linkCode=osi&th=1&psc=1">View Product</a></div><div class="product"><a href="https://www.amazon.com/dp/B08PBFKGJG?tag=eloabder-20&linkCode=osi&th=1&psc=1"><img src="https://m.media-amazon.com/images/I/61WfW0WLsqL._SL500_.jpg" alt="Product Image"></a><p>Marbrasse 6 Tier Paper Organizer Letter Tray - Mesh Desk File Organizer with Handle, Paper Sorter Organizer for Letter/A4 Office File Folder Holder - Black</p><p> -23% 0FF </p><p>$19.98</p><a href="https://www.amazon.com/dp/B08PBFKGJG?tag=eloabder-20&linkCode=osi&th=1&psc=1">View Product</a></div><div class="product"><a href="https://www.amazon.com/dp/B09K5927B5?tag=eloabder-20&linkCode=osi&th=1&psc=1"><img src="https://m.media-amazon.com/images/I/51u5tZ4jR6L._SL500_.jpg" alt="Product Image"></a><p>Marbrasse Desk Organizer with File Holder, 5-Tier Paper Letter Tray Organizer with Drawer and 2 Pen Holder, Mesh Desktop Organizer and Storage with Magazine Holder for Office Supplies(Black)</p><p> -24% 0FF </p><p>$33.99</p><a href="https://www.amazon.com/dp/B09K5927B5?tag=eloabder-20&linkCode=osi&th=1&psc=1">View Product</a></div>
<div class="product"><a href="https://www.amazon.com/dp/B0CNXF7SVS?tag=eloabder-20&linkCode=osi&th=1&psc=1"><img src="https://m.media-amazon.com/images/I/51a6EswyTZL._SL500_.jpg" alt="Product Image"></a><p>Manalete Drawer Organizers Set of 15, 4 Sizes Clear Plastic Drawer Organizers and Storage Bins for Kitchen, Bathroom, Office, Dresser Desk Drawer Organizer Tray for Jewelry, Makeup, Junk, Gadgets</p><p> -29% 0FF </p><p>$9.99</p><a href="https://www.amazon.com/dp/B0CNXF7SVS?tag=eloabder-20&linkCode=osi&th=1&psc=1">View Product</a></div><div class="product"><a href="https://www.amazon.com/dp/B0CCY5X6SS?tag=eloabder-20&linkCode=osi&th=1&psc=1"><img src="https://m.media-amazon.com/images/I/41Iye-vPXJL._SL500_.jpg" alt="Product Image"></a><p>Bamboo Drawer Organizer Set, 5 PCS Multi-Use Individual Wood Storage Organizers, Junk Drawer Divider and Storage Trays Containers for Kitchen, Bathroom, Office Desk, Makeup, Jewelry, Utensils</p><p> -20% 0FF </p><p>$19.99 ($4.00 / Count)</p><a href="https://www.amazon.com/dp/B0CCY5X6SS?tag=eloabder-20&linkCode=osi&th=1&psc=1">View Product</a></div><div class="product"><a href="https://www.amazon.com/dp/B0CCDJQ7MM?tag=eloabder-20&linkCode=osi&th=1&psc=1"><img src="https://m.media-amazon.com/images/I/51kU0WJxdsL._SL500_.jpg" alt="Product Image"></a><p>Marbrasse Expandable Desk Drawer Organizer, Mesh Drawer Organizer Tray with 10 Adjustable Compartments, Desk Organizers and Accessories, 5 Dividers Drawer for Office Supplies, Makeup & Vanity (Black)</p><p> -15% 0FF </p><p>$17.84</p><a href="https://www.amazon.com/dp/B0CCDJQ7MM?tag=eloabder-20&linkCode=osi&th=1&psc=1">View Product</a></div><div class="product"><a href="https://www.amazon.com/dp/B0DM27MBZN?tag=eloabder-20&linkCode=osi&th=1&psc=1"><img src="https://m.media-amazon.com/images/I/41hAfSMnrZL._SL500_.jpg" alt="Product Image"></a><p>ElegantArray 12 PCS Drawer Organizer Set, 4 Sizes Storage Drawer Units, Clear Plastic Makeup Vanity Organizer and Storage Bins for Makeup, Stationeries, Multiple Gadgets for Bathroom, Office, Bedroom</p><p> -31% 0FF </p><p>$8.99</p><a href="https://www.amazon.com/dp/B0DM27MBZN?tag=eloabder-20&linkCode=osi&th=1&psc=1">View Product</a></div>
<div class="product"><a href="https://www.amazon.com/dp/B0C4T42TPC?tag=eloabder-20&linkCode=osi&th=1&psc=1"><img src="https://m.media-amazon.com/images/I/318IsyAsPXL._SL500_.jpg" alt="Product Image"></a><p>Adjustable Mobile CPU Stand, Ventilated Computer Tower Stand with 4 Caster Wheels Fits Most PC Tower, Under Desk CPU Holder PC Floor Cart Computer Riser for Gamers and Students (Black)</p><p> -21% 0FF </p><p>$14.21</p><a href="https://www.amazon.com/dp/B0C4T42TPC?tag=eloabder-20&linkCode=osi&th=1&psc=1">View Product</a></div><div class="product"><a href="https://www.amazon.com/dp/B094QTGHNZ?tag=eloabder-20&linkCode=osi&th=1&psc=1"><img src="https://m.media-amazon.com/images/I/31VzBQ+jwWL._SL500_.jpg" alt="Product Image"></a><p>WALI Computer Monitor Stand for Desk, Adjustable Laptop Riser, Desk Monitor Stand Underneath Storage for Office, Home, School Supplies (STT003), 1 Pack, Black</p><p> -32% 0FF </p><p>$16.99</p><a href="https://www.amazon.com/dp/B094QTGHNZ?tag=eloabder-20&linkCode=osi&th=1&psc=1">View Product</a></div><div class="product"><a href="https://www.amazon.com/dp/B07H4DMLVH?tag=eloabder-20&linkCode=osi&th=1&psc=1"><img src="https://m.media-amazon.com/images/I/31eTfKhpSWL._SL500_.jpg" alt="Product Image"></a><p>HUANUO Monitor Stand, Monitor Stand Riser 3 Height Adjustable, Monitor Riser with Airflow Vents, Laptop Stand for Desk, Laptop Riser, Desk Organizer for Monitor, 15.6" Laptop, PC, Printer</p><p> -11% 0FF </p><p>$15.19</p><a href="https://www.amazon.com/dp/B07H4DMLVH?tag=eloabder-20&linkCode=osi&th=1&psc=1">View Product</a></div><div class="product"><a href="https://www.amazon.com/dp/B0D69W6H91?tag=eloabder-20&linkCode=osi&th=1&psc=1"><img src="https://m.media-amazon.com/images/I/51rQI+gi3lL._SL500_.jpg" alt="Product Image"></a><p>JANE EYRE Computer Tower Stand - Adjustable PC Tower Stand CPU Holder Cart with Charging Station for Office Home Classroom,23.03"-28.3" H, black</p><p> -10% 0FF </p><p>$53.99</p><a href="https://www.amazon.com/dp/B0D69W6H91?tag=eloabder-20&linkCode=osi&th=1&psc=1">View Product</a></div><div class="product"><a href="https://www.amazon.com/dp/B0C4T34L9Y?tag=eloabder-20&linkCode=osi&th=1&psc=1"><img src="https://m.media-amazon.com/images/I/51BNMGXNOEL._SL500_.jpg" alt="Product Image"></a><p>BONTEC Wooden Monitor Stand Riser, 2-Tier Desk Shelf with Storage Organizer, Ergonomic Computer Stand with Cable Management, Cellphone Holder, White, 16.5 Inch</p><p> -33% 0FF </p><p>$18.04</p><a href="https://www.amazon.com/dp/B0C4T34L9Y?tag=eloabder-20&linkCode=osi&th=1&psc=1">View Product</a></div><div class="product"><a href="https://www.amazon.com/dp/B08BRCT4JH?tag=eloabder-20&linkCode=osi&th=1&psc=1"><img src="https://m.media-amazon.com/images/I/41Ga6A+cXbL._SL500_.jpg" alt="Product Image"></a><p>BESIGN LS03 Aluminum Laptop Stand, Ergonomic Detachable Computer Stand, Notebook Riser Compatible with Air, Pro, Dell, HP, Lenovo More 10-15.6" Laptops, Silver</p><p> -25% 0FF </p><p>$14.98</p><a href="https://www.amazon.com/dp/B08BRCT4JH?tag=eloabder-20&linkCode=osi&th=1&psc=1">View Product</a></div>
<div class="product"><a href="https://www.amazon.com/dp/B07Q79ZZJ6?tag=eloabder-20&linkCode=osi&th=1&psc=1"><img src="https://m.media-amazon.com/images/I/31-LBzENQIL._SL500_.jpg" alt="Product Image"></a><p>Single LCD Computer Monitor Free-Standing Desk Stand Mount Riser for 13 inch to 32 inch screen with Swivel, Height Adjustable, Rotation, Vesa Base Stand Holds One (1) Screen up to 77Lbs(HT05B-001))</p><p> -34% 0FF </p><p>$21.99</p><a href="https://www.amazon.com/dp/B07Q79ZZJ6?tag=eloabder-20&linkCode=osi&th=1&psc=1">View Product</a></div><div class="product"><a href="https://www.amazon.com/dp/B082845XM8?tag=eloabder-20&linkCode=osi&th=1&psc=1"><img src="https://m.media-amazon.com/images/I/41uRH1B7HgL._SL500_.jpg" alt="Product Image"></a><p>Dual Monitor Stand - Vertical Stack Screen Free-Standing Monitor Riser Fits Two 13 to 34 Inch Screen with Swivel, Tilt, Height Adjustable, Holds One (1) Screen Up to 44Lbs</p><p> -5% 0FF </p><p>$31.56</p><a href="https://www.amazon.com/dp/B082845XM8?tag=eloabder-20&linkCode=osi&th=1&psc=1">View Product</a></div><div class="product"><a href="https://www.amazon.com/dp/B00X4SCCFG?tag=eloabder-20&linkCode=osi&th=1&psc=1"><img src="https://m.media-amazon.com/images/I/21X2klzUZGL._SL500_.jpg" alt="Product Image"></a><p>Amazon Basics Height Adjustable Rectangular Computer Monitor Riser Desk Stand with Storage for Reduced Neck Strain - Fits Monitors, Laptops Up to 22lbs, Black</p><p> -35% 0FF </p><p>$14.06</p><a href="https://www.amazon.com/dp/B00X4SCCFG?tag=eloabder-20&linkCode=osi&th=1&psc=1">View Product</a></div>
<div class="product"><a href="https://www.amazon.com/dp/B07HFDJCSL?tag=eloabder-20&linkCode=osi&th=1&psc=1"><img src="https://m.media-amazon.com/images/I/41DR7qY1naL._SL500_.jpg" alt="Product Image"></a><p>VIVO Large Keyboard Tray Under Desk Pull Out with Extra Sturdy C Clamp Mount System, 27 (33 Including Clamps) x 11 Inch Slide-Out Platform Computer Drawer for Typing, Black, MOUNT-KB05E</p><p> -17% 0FF </p><p>$49.99</p><a href="https://www.amazon.com/dp/B07HFDJCSL?tag=eloabder-20&linkCode=osi&th=1&psc=1">View Product</a></div><div class="product"><a href="https://www.amazon.com/dp/B082NKBM62?tag=eloabder-20&linkCode=osi&th=1&psc=1"><img src="https://m.media-amazon.com/images/I/41qQ3p9-mrL._SL500_.jpg" alt="Product Image"></a><p>HUANUO Keyboard Tray Under Desk, 360 Adjustable Ergonomic Sliding Keyboard & Mouse Tray, Under Desk Keyboard Tray Slide Out, Keyboard Holder Under Desk for Typing in Home, Office Work, 25"W x 9.84"D</p><p> -33% 0FF </p><p>$59.98</p><a href="https://www.amazon.com/dp/B082NKBM62?tag=eloabder-20&linkCode=osi&th=1&psc=1">View Product</a></div><div class="product"><a href="https://www.amazon.com/dp/B0F23GTKHL?tag=eloabder-20&linkCode=osi&th=1&psc=1"><img src="https://m.media-amazon.com/images/I/41dmHoeznDL._SL500_.jpg" alt="Product Image"></a><p>Zontera Ergonomic Mouse & Keyboard Tray Under Desk, Pull Out with Adjustable C-clamp, 20 (25.9 Including Clamps) x 11.8 Inch Slide Out Computer Keyboard Drawer Mouse Tray for Typing, Black</p><p> -7% 0FF </p><p>$25.99</p><a href="https://www.amazon.com/dp/B0F23GTKHL?tag=eloabder-20&linkCode=osi&th=1&psc=1">View Product</a></div><div class="product"><a href="https://www.amazon.com/dp/B01IIGMBVI?tag=eloabder-20&linkCode=osi&th=1&psc=1"><img src="https://m.media-amazon.com/images/I/21Vw8003F0L._SL500_.jpg" alt="Product Image"></a><p>Alera ALE Valencia Series Underdesk Keyboard/Mouse Shelf, 28w x 12d, Black</p><p> -50% 0FF </p><p>$29.22</p><a href="https://www.amazon.com/dp/B01IIGMBVI?tag=eloabder-20&linkCode=osi&th=1&psc=1">View Product</a></div>
<div class="product"><a href="https://www.amazon.com/dp/B07C3XZMC6?tag=eloabder-20&linkCode=osi&th=1&psc=1"><img src="https://m.media-amazon.com/images/I/31Eojf7glwL._SL500_.jpg" alt="Product Image"></a><p>JIKIOU 3 Pack Mouse Pad with Stitched Edge, Comfortable Mouse Pads with Non-Slip Rubber Base, Washable Mousepads Bulk with Comfortable Cloth, Mouse Pads for Computers Laptop Mouse 10.2x8.3inch Black</p><p> -29% 0FF </p><p>$7.99</p><a href="https://www.amazon.com/dp/B07C3XZMC6?tag=eloabder-20&linkCode=osi&th=1&psc=1">View Product</a></div><div class="product"><a href="https://www.amazon.com/dp/B085XRMSTT?tag=eloabder-20&linkCode=osi&th=1&psc=1"><img src="https://m.media-amazon.com/images/I/31aDSI0sFoL._SL500_.jpg" alt="Product Image"></a><p>EooCoo Ergonomic Mouse Pad with Wrist Support, Mousepad with Memory Foam Wrist Rest and Non-Slip Base for Computer, Cafe, Home & Office, 9.64 x 8.26 in Office Desk Accessories</p><p> -36% 0FF </p><p>$6.99</p><a href="https://www.amazon.com/dp/B085XRMSTT?tag=eloabder-20&linkCode=osi&th=1&psc=1">View Product</a></div>
<div class="product"><a href="https://www.amazon.com/dp/B0BRCJL4MM?tag=eloabder-20&linkCode=osi&th=1&psc=1"><img src="https://m.media-amazon.com/images/I/41sggzaNbPL._SL500_.jpg" alt="Product Image"></a><p>Led Desk Lamp for Office Home - Eye Caring Architect lamp with Clamp,Dual Screen Computer Monitor Gooseneck Smart Light: 24W 5 Color Flexible Adjustable Lighting Table Lamp for Study Drafting</p><p> -13% 0FF </p><p>$69.99</p><a href="https://www.amazon.com/dp/B0BRCJL4MM?tag=eloabder-20&linkCode=osi&th=1&psc=1">View Product</a></div><div class="product"><a href="https://www.amazon.com/dp/B0BNHNG5CY?tag=eloabder-20&linkCode=osi&th=1&psc=1"><img src="https://m.media-amazon.com/images/I/51ccmdZe2YL._SL500_.jpg" alt="Product Image"></a><p>Micomlan Led Desk Lamp with Clamp, Architect Desk Lamp for Home Office with Atmosphere Lighting, 24W Ultra Bright Auto Dimming Computer Light Stepless Dimming and Tempering LED Table Light</p><p> -27% 0FF </p><p>$49.99</p><a href="https://www.amazon.com/dp/B0BNHNG5CY?tag=eloabder-20&linkCode=osi&th=1&psc=1">View Product</a></div><div class="product"><a href="https://www.amazon.com/dp/B078W61H9P?tag=eloabder-20&linkCode=osi&th=1&psc=1"><img src="https://m.media-amazon.com/images/I/31aebwb3nqL._SL500_.jpg" alt="Product Image"></a><p>LEPOWER Metal Desk Lamp, Eye-Caring Table Lamp, Study Lamps with Flexible Goose Neck for Bedroom, Home Office (Matte Black)</p><p> -24% 0FF </p><p>$24.99</p><a href="https://www.amazon.com/dp/B078W61H9P?tag=eloabder-20&linkCode=osi&th=1&psc=1">View Product</a></div><div class="product"><a href="https://www.amazon.com/dp/B0D1DLY4H4?tag=eloabder-20&linkCode=osi&th=1&psc=1"><img src="https://m.media-amazon.com/images/I/41sKiuSIwRL._SL500_.jpg" alt="Product Image"></a><p>SKYLEO Led Desk Lamp - Desk Light for 31.5" Tall - 5 Color Modes X 11 Brightness Levels - Adjustable Swing Arm - Timmer & Memory Function - 12W Lamp for Desk - Black</p><p> -23% 0FF </p><p>$19.99</p><a href="https://www.amazon.com/dp/B0D1DLY4H4?tag=eloabder-20&linkCode=osi&th=1&psc=1">View Product</a></div><div class="product"><a href="https://www.amazon.com/dp/B0D2LGK82V?tag=eloabder-20&linkCode=osi&th=1&psc=1"><img src="https://m.media-amazon.com/images/I/41UpQ-qygDL._SL500_.jpg" alt="Product Image"></a><p>Addtam LED Desk Lamp, Power Strip with 3 Outlets 4 USB Charging Ports(2 USBC), 4 Modes 5 Level Brightness Touch Lamp, Small Desk Lamp for Home Office College Dorm Room Essentials</p><p> -23% 0FF </p><p>$16.99</p><a href="https://www.amazon.com/dp/B0D2LGK82V?tag=eloabder-20&linkCode=osi&th=1&psc=1">View Product</a></div><div class="product"><a href="https://www.amazon.com/dp/B08LMTQ7ZF?tag=eloabder-20&linkCode=osi&th=1&psc=1"><img src="https://m.media-amazon.com/images/I/21vKPX2KHML._SL500_.jpg" alt="Product Image"></a><p>Lepro LED Desk Lamp for Home Office, 9.5W 750LM Metal Touch Control Desk Light, 5 Color Modes 5 Brightness Level, Eye Caring Task Lamp For Reading, Sewing, Crafts, School Supplies, Puzzle Light, Black</p><p> -13% 0FF </p><p>$24.99</p><a href="https://www.amazon.com/dp/B08LMTQ7ZF?tag=eloabder-20&linkCode=osi&th=1&psc=1">View Product</a></div>
<div class="product"><a href="https://www.amazon.com/dp/B0D7BXNDP4?tag=eloabder-20&linkCode=osi&th=1&psc=1"><img src="https://m.media-amazon.com/images/I/41DuEunZ1+L._SL500_.jpg" alt="Product Image"></a><p>Monitor Fan with Clamp & Light Bar Desk Lamp with fan for Office mini Desk fan small quiet with lamp for PC Laptops Tablet for Home Office Portable Working Reading Stand Lamp</p><p> -5% 0FF </p><p>$15.19</p><a href="https://www.amazon.com/dp/B0D7BXNDP4?tag=eloabder-20&linkCode=osi&th=1&psc=1">View Product</a></div><div class="product"><a href="https://www.amazon.com/dp/B07K1D41DC?tag=eloabder-20&linkCode=osi&th=1&psc=1"><img src="https://m.media-amazon.com/images/I/310MAouNV-L._SL500_.jpg" alt="Product Image"></a><p>OttLite Cool Breeze LED Lamp with Bladeless Fan - 3 Speed Options & 5 Brightness Settings with Energy Efficient Natural Daylight LEDs - Desktop, Table or Nightstand Lamp for Studying or Reading</p><p> -14% 0FF </p><p>$89.98</p><a href="https://www.amazon.com/dp/B07K1D41DC?tag=eloabder-20&linkCode=osi&th=1&psc=1">View Product</a></div>
<div class="product"><a href="https://www.amazon.com/dp/B0CXSXL1F2?tag=eloabder-20&linkCode=osi&th=1&psc=1"><img src="https://m.media-amazon.com/images/I/41H6cndt7iL._SL500_.jpg" alt="Product Image"></a><p>9 Pack Lined Sticky Notes 4x6 in Post Sticky Notes with Lines, 9 Bright Colors Self Sticky Notes Pad Its, Large Ruled Sticky Note for Office, Home, 35 Sheets/Pad</p><p> -33% 0FF </p><p>$7.99</p><a href="https://www.amazon.com/dp/B0CXSXL1F2?tag=eloabder-20&linkCode=osi&th=1&psc=1">View Product</a></div><div class="product"><a href="https://www.amazon.com/dp/B019QROV9S?tag=eloabder-20&linkCode=osi&th=1&psc=1"><img src="https://m.media-amazon.com/images/I/51OsStyntzL._SL500_.jpg" alt="Product Image"></a><p>Sharpie Clear View Highlighter Sticks, Chisel Tip, Assorted Fluorescent, 8 Count - School, Home, and Office Use, Teacher Supplies</p><p> -23% 0FF </p><p>$13.86</p><a href="https://www.amazon.com/dp/B019QROV9S?tag=eloabder-20&linkCode=osi&th=1&psc=1">View Product</a></div>
<div class="product"><a href="https://www.amazon.com/dp/B082PN4X5J?tag=eloabder-20&linkCode=osi&th=1&psc=1"><img src="https://m.media-amazon.com/images/I/51o+eA8g6nL._SL500_.jpg" alt="Product Image"></a><p>Sharpie S-Gel Gel Pens, Black Barrel, Medium Point (0.7mm), Black Gel Ink Pens, 12 Count - Home, Office, School, Journaling, Writing, Note-Taking, Teacher Supplies</p><p> -14% 0FF </p><p>$11.97</p><a href="https://www.amazon.com/dp/B082PN4X5J?tag=eloabder-20&linkCode=osi&th=1&psc=1">View Product</a></div><div class="product"><a href="https://www.amazon.com/dp/B0C9W8DD9S?tag=eloabder-20&linkCode=osi&th=1&psc=1"><img src="https://m.media-amazon.com/images/I/41mdSvEwNZL._SL500_.jpg" alt="Product Image"></a><p>Ddaowanx Gel Pens, 6 Pcs 0.5mm Quick Dry Black Ink Pens Fine Point Smooth Writing Pens, Cute Office School Supplies Gifts for Women</p><p> -10% 0FF </p><p>$8.99</p><a href="https://www.amazon.com/dp/B0C9W8DD9S?tag=eloabder-20&linkCode=osi&th=1&psc=1">View Product</a></div><div class="product"><a href="https://www.amazon.com/dp/B019QBOG3U?tag=eloabder-20&linkCode=osi&th=1&psc=1"><img src="https://m.media-amazon.com/images/I/416PjSebDoL._SL500_.jpg" alt="Product Image"></a><p>Paper Mate Colorful Gel Pens - InkJoy Gel Pens Assorted Medium Point (0.7). Perfect for Vibrant Colored Writing and Sketching with Paper Mate InkJoy 14 Count</p><p> -18% 0FF </p><p>$10.31</p><a href="https://www.amazon.com/dp/B019QBOG3U?tag=eloabder-20&linkCode=osi&th=1&psc=1">View Product</a></div><div class="product"><a href="https://www.amazon.com/dp/B0C73JDN4S?tag=eloabder-20&linkCode=osi&th=1&psc=1"><img src="https://m.media-amazon.com/images/I/51DJUUxL7HL._SL500_.jpg" alt="Product Image"></a><p>Linbsunne Ballpoint Pens Black Medium Point 1mm Pen with Super Soft Grip Ball Point Pen for Men Women Retractable Pens (gold-12 pcs)</p><p> -10% 0FF </p><p>$8.99</p><a href="https://www.amazon.com/dp/B0C73JDN4S?tag=eloabder-20&linkCode=osi&th=1&psc=1">View Product</a></div><div class="product"><a href="https://www.amazon.com/dp/B001OTA66O?tag=eloabder-20&linkCode=osi&th=1&psc=1"><img src="https://m.media-amazon.com/images/I/41yS5tBZQLL._SL500_.jpg" alt="Product Image"></a><p>BIC Glide Black Retractable Ballpoint Pens, Medium Point (1.0mm), 4-Count Pack, Ultra Smooth Writing Black Pens</p><p> -40% 0FF </p><p>$2.99</p><a href="https://www.amazon.com/dp/B001OTA66O?tag=eloabder-20&linkCode=osi&th=1&psc=1">View Product</a></div>
<div class="product"><a href="https://www.amazon.com/dp/B002HVXXCW?tag=eloabder-20&linkCode=osi&th=1&psc=1"><img src="https://m.media-amazon.com/images/I/41JeEedXCeL._SL500_.jpg" alt="Product Image"></a><p>Ticonderoga Wood-Cased Pencils, Pre-Sharpened, 2 HB Soft, Yellow, 10 Count</p><p> -58% 0FF </p><p>$2.49</p><a href="https://www.amazon.com/dp/B002HVXXCW?tag=eloabder-20&linkCode=osi&th=1&psc=1">View Product</a></div><div class="product"><a href="https://www.amazon.com/dp/B077Q4B6YN?tag=eloabder-20&linkCode=osi&th=1&psc=1"><img src="https://m.media-amazon.com/images/I/4160YcHGDNL._SL500_.jpg" alt="Product Image"></a><p>Paper Mate 2017483 Mechanical Pencils for Handwriting, Triangular, 5/PK, AST</p><p> -45% 0FF </p><p>$3.47</p><a href="https://www.amazon.com/dp/B077Q4B6YN?tag=eloabder-20&linkCode=osi&th=1&psc=1">View Product</a></div>
<div class="product"><a href="https://www.amazon.com/dp/B0D7YTZNRF?tag=eloabder-20&linkCode=osi&th=1&psc=1"><img src="https://m.media-amazon.com/images/I/41hSbSlNAmL._SL500_.jpg" alt="Product Image"></a><p>YASNAY Alcohol Markers, 48 Colors Dual Tip Art Marker, Drawing Markers, Coloring Marker for Kids Sketching Adult Coloring</p><p> -27% 0FF </p><p>$10.99</p><a href="https://www.amazon.com/dp/B0D7YTZNRF?tag=eloabder-20&linkCode=osi&th=1&psc=1">View Product</a></div><div class="product"><a href="https://www.amazon.com/dp/B07CJ8QXF8?tag=eloabder-20&linkCode=osi&th=1&psc=1"><img src="https://m.media-amazon.com/images/I/51bChi4-H4L._SL500_.jpg" alt="Product Image"></a><p>Dual Markers Brush Pens, 36 Fine Point Art Marker, Double Tip Colored Pen for Adult Coloring Hand Lettering, School Classroom Art Suppliers</p><p> -20% 0FF </p><p>$7.98</p><a href="https://www.amazon.com/dp/B07CJ8QXF8?tag=eloabder-20&linkCode=osi&th=1&psc=1">View Product</a></div><div class="product"><a href="https://www.amazon.com/dp/B071CP6X88?tag=eloabder-20&linkCode=osi&th=1&psc=1"><img src="https://m.media-amazon.com/images/I/41sNeEYkTNL._SL500_.jpg" alt="Product Image"></a><p>Crayola Super Tips Marker Set for Kids (100ct), Broad Tip & Fine Point Washable Art Markers for Kids, Bulk School Supplies, Teacher Classroom Must Haves, Drawing Supplies</p><p> -19% 0FF </p><p>$16.29</p><a href="https://www.amazon.com/dp/B071CP6X88?tag=eloabder-20&linkCode=osi&th=1&psc=1">View Product</a></div><div class="product"><a href="https://www.amazon.com/dp/B08MBFPFCQ?tag=eloabder-20&linkCode=osi&th=1&psc=1"><img src="https://m.media-amazon.com/images/I/51DaGL7Z4oL._SL500_.jpg" alt="Product Image"></a><p>Sharpie Permanent Markers Variety Pack, Includes Chisel, Fine, and Ultra-Fine Tips, Marker Set, Writing, Coloring, Poster, Office, School Supplies, Black, 6 Count</p><p> -19% 0FF </p><p>$4.63 ($0.77 / Count)</p><a href="https://www.amazon.com/dp/B08MBFPFCQ?tag=eloabder-20&linkCode=osi&th=1&psc=1">View Product</a></div>
<div class="product"><a href="https://www.amazon.com/dp/B09Y2KJ2KX?tag=eloabder-20&linkCode=osi&th=1&psc=1"><img src="https://m.media-amazon.com/images/I/41EhQr7suML._SL500_.jpg" alt="Product Image"></a><p>Sharpie Pocket Highlighters, Mild Pastel Colors, Assorted, Chisel Tip, 12 Count - School, Home, and Office Use, Teacher Supplies</p><p> -22% 0FF </p><p>$7.76 ($0.65 / Count)</p><a href="https://www.amazon.com/dp/B09Y2KJ2KX?tag=eloabder-20&linkCode=osi&th=1&psc=1">View Product</a></div><div class="product"><a href="https://www.amazon.com/dp/B08698MJWT?tag=eloabder-20&linkCode=osi&th=1&psc=1"><img src="https://m.media-amazon.com/images/I/512N7aYt5oL._SL500_.jpg" alt="Product Image"></a><p>Sharpie S-Note Creative Markers, Pastel Highlighters, Art Marker Set, Assorted Colors, Chisel Tip, 24 Count - School, Home, and Office Use, Teacher Supplies</p><p> -60% 0FF </p><p>$8.83</p><a href="https://www.amazon.com/dp/B08698MJWT?tag=eloabder-20&linkCode=osi&th=1&psc=1">View Product</a></div>
<div class="product"><a href="https://www.amazon.com/dp/B097DPQPYN?tag=eloabder-20&linkCode=osi&th=1&psc=1"><img src="https://m.media-amazon.com/images/I/51nFyQPtfkL._SL500_.jpg" alt="Product Image"></a><p>Sonuimy Pencil Sharpeners, 4 Pcs Pencil Sharpeners Manual,Dual Holes Compact Colored Handheld Pencil Sharpener for Kids with Lid Adults Students School Class Home Office (Covered)</p><p> -13% 0FF </p><p>$4.49</p><a href="https://www.amazon.com/dp/B097DPQPYN?tag=eloabder-20&linkCode=osi&th=1&psc=1">View Product</a></div><div class="product"><a href="https://www.amazon.com/dp/B000MFN1G8?tag=eloabder-20&linkCode=osi&th=1&psc=1"><img src="https://m.media-amazon.com/images/I/41JPflroUEL._SL500_.jpg" alt="Product Image"></a><p>Compact Desktop Electric Pencil Sharpener, Black, Sold as 1 Each</p><p> -21% 0FF </p><p>$15.89</p><a href="https://www.amazon.com/dp/B000MFN1G8?tag=eloabder-20&linkCode=osi&th=1&psc=1">View Product</a></div><div class="product"><a href="https://www.amazon.com/dp/B00125KXGI?tag=eloabder-20&linkCode=osi&th=1&psc=1"><img src="https://m.media-amazon.com/images/I/51avY0bZv6L._SL500_.jpg" alt="Product Image"></a><p>Bostitch Office Personal Electric Pencil Sharpener, Powerful Stall-Free Motor, High Capacity Shavings Tray, Blue</p><p> -13% 0FF </p><p>$17.48</p><a href="https://www.amazon.com/dp/B00125KXGI?tag=eloabder-20&linkCode=osi&th=1&psc=1">View Product</a></div><div class="product"><a href="https://www.amazon.com/dp/B078DZY9Z5?tag=eloabder-20&linkCode=osi&th=1&psc=1"><img src="https://m.media-amazon.com/images/I/41KbUFGrXfL._SL500_.jpg" alt="Product Image"></a><p>JARLINK Electric Pencil Sharpener, Heavy-Duty Helical Blade to Fast Sharpen, Auto Stop for No.2/Colored Pencils(6-8mm), AC Adapter/Battery Operated in School Classroom/Office/Home (Black)</p><p> -21% 0FF </p><p>$16.98</p><a href="https://www.amazon.com/dp/B078DZY9Z5?tag=eloabder-20&linkCode=osi&th=1&psc=1">View Product</a></div><div class="product"><a href="https://www.amazon.com/dp/B08DLXH86D?tag=eloabder-20&linkCode=osi&th=1&psc=1"><img src="https://m.media-amazon.com/images/I/41UghsnBycL._SL500_.jpg" alt="Product Image"></a><p>Aogwat Pencil Sharpener Electric Pencil Sharpener for Kids, Blade to Fast Sharpen, Suitable for No.2/School/Classroom/Office/Home (Black)</p><p> -23% 0FF </p><p>$9.99</p><a href="https://www.amazon.com/dp/B08DLXH86D?tag=eloabder-20&linkCode=osi&th=1&psc=1">View Product</a></div><div class="product"><a href="https://www.amazon.com/dp/B000GP0VIU?tag=eloabder-20&linkCode=osi&th=1&psc=1"><img src="https://m.media-amazon.com/images/I/318OKKSwzbL._SL500_.jpg" alt="Product Image"></a><p>Bostitch Office Wall Mount Manual Pencil Sharpener, Tip Saver, 8 Hole Dial, 6X Longer Cutter Life, Vertical or Horizontal Mounting Black (MPS1-BLK)</p><p> -9% 0FF </p><p>$13.18</p><a href="https://www.amazon.com/dp/B000GP0VIU?tag=eloabder-20&linkCode=osi&th=1&psc=1">View Product</a></div>
<div class="product"><a href="https://www.amazon.com/dp/B00094H4LU?tag=eloabder-20&linkCode=osi&th=1&psc=1"><img src="https://m.media-amazon.com/images/I/41f-fbZYU1L._SL500_.jpg" alt="Product Image"></a><p>Paper Mate Erasers | Pink Pearl Large Erasers 12 Count</p><p> -55% 0FF </p><p>$6.03</p><a href="https://www.amazon.com/dp/B00094H4LU?tag=eloabder-20&linkCode=osi&th=1&psc=1">View Product</a></div><div class="product"><a href="https://www.amazon.com/dp/B07DPVVMWB?tag=eloabder-20&linkCode=osi&th=1&psc=1"><img src="https://m.media-amazon.com/images/I/51wLlsENgiL._SL500_.jpg" alt="Product Image"></a><p>Mr. Pen Erasers for Pencils, 120 Pack, Pencil Top Erasers, Eraser Caps, Cap Tops, Topper Erasers. Ereaser</p><p> -24% 0FF </p><p>$5.95</p><a href="https://www.amazon.com/dp/B07DPVVMWB?tag=eloabder-20&linkCode=osi&th=1&psc=1">View Product</a></div><div class="product"><a href="https://www.amazon.com/dp/B07144DC8V?tag=eloabder-20&linkCode=osi&th=1&psc=1"><img src="https://m.media-amazon.com/images/I/51Ed1+HW9cL._SL500_.jpg" alt="Product Image"></a><p>Pentel Hi-Polymer Block Eraser, White, 10/Box (ZEH10PC10)</p><p> -44% 0FF </p><p>$9.99</p><a href="https://www.amazon.com/dp/B07144DC8V?tag=eloabder-20&linkCode=osi&th=1&psc=1">View Product</a></div><div class="product"><a href="https://www.amazon.com/dp/B0047CT6SE?tag=eloabder-20&linkCode=osi&th=1&psc=1"><img src="https://m.media-amazon.com/images/I/41bhWXKeeiL._SL500_.jpg" alt="Product Image"></a><p>Pentel Clic Retractable Eraser with Grip, 3 Pack</p><p> -29% 0FF </p><p>$4.77</p><a href="https://www.amazon.com/dp/B0047CT6SE?tag=eloabder-20&linkCode=osi&th=1&psc=1">View Product</a></div>
<div class="product"><a href="https://www.amazon.com/dp/B09S9X3HV7?tag=eloabder-20&linkCode=osi&th=1&psc=1"><img src="https://m.media-amazon.com/images/I/51GgMyfl5VL._SL500_.jpg" alt="Product Image"></a><p>Color Transparent Ruler Plastic Rulers - Ruler 12 inch, Kids Ruler for School, Ruler with Centimeters, Millimeter and Inches, Assorted Colors, Clear Rulers, 7 Pack School Rulers</p><p> -16% 0FF </p><p>$5.99</p><a href="https://www.amazon.com/dp/B09S9X3HV7?tag=eloabder-20&linkCode=osi&th=1&psc=1">View Product</a></div><div class="product"><a href="https://www.amazon.com/dp/B06XK9VQM4?tag=eloabder-20&linkCode=osi&th=1&psc=1"><img src="https://m.media-amazon.com/images/I/51Glln3n-nL._SL500_.jpg" alt="Product Image"></a><p>Outus 12 Pack Wood Ruler Bulk for Students Wooden School Rulers Gifts Office Classroom Measuring, 2 Scale, 12 Inch and 30 cm</p><p> -6% 0FF </p><p>$7.99</p><a href="https://www.amazon.com/dp/B06XK9VQM4?tag=eloabder-20&linkCode=osi&th=1&psc=1">View Product</a></div><div class="product"><a href="https://www.amazon.com/dp/B0B5MLTG7J?tag=eloabder-20&linkCode=osi&th=1&psc=1"><img src="https://m.media-amazon.com/images/I/51z9LUxLKmL._SL500_.jpg" alt="Product Image"></a><p>DAGONGREN 30 Pack Clear Plastic Rulers 12 Inch,Transparent Assorted Color Metric Bulk Rulers with Inches and Centimeters,Kids Ruler for School,Home,Office</p><p> -9% 0FF </p><p>$9.99</p><a href="https://www.amazon.com/dp/B0B5MLTG7J?tag=eloabder-20&linkCode=osi&th=1&psc=1">View Product</a></div><div class="product"><a href="https://www.amazon.com/dp/B096MPPF53?tag=eloabder-20&linkCode=osi&th=1&psc=1"><img src="https://m.media-amazon.com/images/I/51qUpElDRcS._SL500_.jpg" alt="Product Image"></a><p>Tenare 1 Set Plastic Clear Math Set Includes Protractor Triangle Rulers 12 Inch 6 Inch Straight Geometry Math Transparent Ruler Measuring Tool for School Office Home Supplies(Clear)</p><p> -25% 0FF </p><p>$5.98</p><a href="https://www.amazon.com/dp/B096MPPF53?tag=eloabder-20&linkCode=osi&th=1&psc=1">View Product</a></div>
<div class="product"><a href="https://www.amazon.com/dp/B07YDDX4JL?tag=eloabder-20&linkCode=osi&th=1&psc=1"><img src="https://m.media-amazon.com/images/I/41oBPZwCRLL._SL500_.jpg" alt="Product Image"></a><p>3-Pack 8" Heavy Duty Scissors with Ultra Sharp Blades and Comfort Grip Handles - For Office, Home, School, Sewing, and Crafts</p><p> -15% 0FF </p><p>$8.49 ($2.83 / Count)</p><a href="https://www.amazon.com/dp/B07YDDX4JL?tag=eloabder-20&linkCode=osi&th=1&psc=1">View Product</a></div><div class="product"><a href="https://www.amazon.com/dp/B01BRGU8R0?tag=eloabder-20&linkCode=osi&th=1&psc=1"><img src="https://m.media-amazon.com/images/I/41ANVra+eNL._SL500_.jpg" alt="Product Image"></a><p>Amazon Basics Stainless Steel Scissors for Office, Crafts, Multipurpose, Sharp, Comfort Grip, PVD Coated, 3 Pack, Multicolor</p><p> -45% 0FF </p><p>$7.55</p><a href="https://www.amazon.com/dp/B01BRGU8R0?tag=eloabder-20&linkCode=osi&th=1&psc=1">View Product</a></div><div class="product"><a href="https://www.amazon.com/dp/B000P0LNRE?tag=eloabder-20&linkCode=osi&th=1&psc=1"><img src="https://m.media-amazon.com/images/I/41fWgMTO0JL._SL500_.jpg" alt="Product Image"></a><p>Westcott 8-Inch Titanium-Bonded Scissors with Adjustable Glide Feature for Office and Home - Gray/Yellow, 2-Pack</p><p> -33% 0FF </p><p>$9.97</p><a href="https://www.amazon.com/dp/B000P0LNRE?tag=eloabder-20&linkCode=osi&th=1&psc=1">View Product</a></div>
<div class="product"><a href="https://www.amazon.com/dp/B074ZRZ4CZ?tag=eloabder-20&linkCode=osi&th=1&psc=1"><img src="https://m.media-amazon.com/images/I/41bu+HKxC2L._SL500_.jpg" alt="Product Image"></a><p>Swingline Commercial Stapler, 20 Sheet Capacity, Jam Free, Metal, 2 Pack, Black (44401AZ)</p><p> -5% 0FF </p><p>$18.98</p><a href="https://www.amazon.com/dp/B074ZRZ4CZ?tag=eloabder-20&linkCode=osi&th=1&psc=1">View Product</a></div><div class="product"><a href="https://www.amazon.com/dp/B001PME62K?tag=eloabder-20&linkCode=osi&th=1&psc=1"><img src="https://m.media-amazon.com/images/I/41gbaJu-3iL._SL500_.jpg" alt="Product Image"></a><p>Swingline Stapler, 40 Sheet Capacity, Optima 40, Jam Free, Reduced Effort, Soft Grip, Metal, Orange and Gray (87845)</p><p> -14% 0FF </p><p>$24.19</p><a href="https://www.amazon.com/dp/B001PME62K?tag=eloabder-20&linkCode=osi&th=1&psc=1">View Product</a></div><div class="product"><a href="https://www.amazon.com/dp/B0D2JBKYM1?tag=eloabder-20&linkCode=osi&th=1&psc=1"><img src="https://m.media-amazon.com/images/I/41zFTU9QpfL._SL500_.jpg" alt="Product Image"></a><p>Bostitch Office Stapler, No-Jam Premium for Desktop, Includes 1,250 Staples, Full-Strip, 25 Sheet Capacity, Black</p><p> -26% 0FF </p><p>$6.99</p><a href="https://www.amazon.com/dp/B0D2JBKYM1?tag=eloabder-20&linkCode=osi&th=1&psc=1">View Product</a></div><div class="product"><a href="https://www.amazon.com/dp/B0CC5GJKM1?tag=eloabder-20&linkCode=osi&th=1&psc=1"><img src="https://m.media-amazon.com/images/I/41JDDoSZQiL._SL500_.jpg" alt="Product Image"></a><p>Metal Stapler Heavy Duty 50 Sheet Capacity with 1750 Staples and Staple Remover, Full Strip Staplers for Desk, No Jam, Non-Slip for Office & Classroom, Black</p><p> -33% 0FF </p><p>$13.29</p><a href="https://www.amazon.com/dp/B0CC5GJKM1?tag=eloabder-20&linkCode=osi&th=1&psc=1">View Product</a></div><div class="product"><a href="https://www.amazon.com/dp/B0006HUQZ6?tag=eloabder-20&linkCode=osi&th=1&psc=1"><img src="https://m.media-amazon.com/images/I/31e-T-f1TGL._SL500_.jpg" alt="Product Image"></a><p>Swingline Stapler, 30 Sheet Capacity, 747 Business Stapler, Jam Free, Metal, Rio Red (74736)</p><p> -23% 0FF </p><p>$15.30</p><a href="https://www.amazon.com/dp/B0006HUQZ6?tag=eloabder-20&linkCode=osi&th=1&psc=1">View Product</a></div>
<div class="product"><a href="https://www.amazon.com/dp/B00J8PJJF0?tag=eloabder-20&linkCode=osi&th=1&psc=1"><img src="https://m.media-amazon.com/images/I/418dc+5ZGkL._SL500_.jpg" alt="Product Image"></a><p>Bostitch Office Premium Standard Staples, 1/4" Full Strip, Box of 5,000 Staples</p><p> -27% 0FF </p><p>$4.39</p><a href="https://www.amazon.com/dp/B00J8PJJF0?tag=eloabder-20&linkCode=osi&th=1&psc=1">View Product</a></div><div class="product"><a href="https://www.amazon.com/dp/B079VYR12V?tag=eloabder-20&linkCode=osi&th=1&psc=1"><img src="https://m.media-amazon.com/images/I/51xAt88vqrL._SL500_.jpg" alt="Product Image"></a><p>Officemate Standard Staples, 10 Boxes General Purpose Staple (91950)</p><p> -10% 0FF </p><p>$14.37</p><a href="https://www.amazon.com/dp/B079VYR12V?tag=eloabder-20&linkCode=osi&th=1&psc=1">View Product</a></div><div class="product"><a href="https://www.amazon.com/dp/B00006IFMQ?tag=eloabder-20&linkCode=osi&th=1&psc=1"><img src="https://m.media-amazon.com/images/I/51UsWZuFq8L._SL500_.jpg" alt="Product Image"></a><p>Bostitch Office B8 PowerCrown 0.25 Inch Staples, Pack of 5,000 Staples (STCRP21151/4), Silver</p><p> -30% 0FF </p><p>$2.33</p><a href="https://www.amazon.com/dp/B00006IFMQ?tag=eloabder-20&linkCode=osi&th=1&psc=1">View Product</a></div>
<div class="product"><a href="https://www.amazon.com/dp/B000J07BRQ?tag=eloabder-20&linkCode=osi&th=1&psc=1"><img src="https://m.media-amazon.com/images/I/51QpJKjajbL._SL500_.jpg" alt="Product Image"></a><p>Scotch Heavy Duty Shipping Packing Tape, Clear, Packing Tape for Moving Boxes and Packaging Supplies, 1.88 in. x 22.2 yd., 6 Roll Dispensers, Moving Supplies</p><p> -35% 0FF </p><p>$12.99</p><a href="https://www.amazon.com/dp/B000J07BRQ?tag=eloabder-20&linkCode=osi&th=1&psc=1">View Product</a></div><div class="product"><a href="https://www.amazon.com/dp/B0000DH8HQ?tag=eloabder-20&linkCode=osi&th=1&psc=1"><img src="https://m.media-amazon.com/images/I/414lAY+087L._SL500_.jpg" alt="Product Image"></a><p>Scotch Magic Tape, Invisible Transparent Tape, 6 Tape Rolls with Dispensers, 3/4 in x 650 in</p><p> -23% 0FF </p><p>$12.34</p><a href="https://www.amazon.com/dp/B0000DH8HQ?tag=eloabder-20&linkCode=osi&th=1&psc=1">View Product</a></div><div class="product"><a href="https://www.amazon.com/dp/B0DQHV6X92?tag=eloabder-20&linkCode=osi&th=1&psc=1"><img src="https://m.media-amazon.com/images/I/51ViCFlgldL._SL500_.jpg" alt="Product Image"></a><p>BeataTap Tape, Invisible Tape, 6 Rolls + 6 Refillable Dispensers, Matte Finish, Writable, 3/4″ x 650″, Transparent Tape, Clear Tape for Gift Wrapping Paper, School Supplies</p><p> -15% 0FF </p><p>$5.94 ($0.99 / Count)</p><a href="https://www.amazon.com/dp/B0DQHV6X92?tag=eloabder-20&linkCode=osi&th=1&psc=1">View Product</a></div><div class="product"><a href="https://www.amazon.com/dp/B07CB6LN5S?tag=eloabder-20&linkCode=osi&th=1&psc=1"><img src="https://m.media-amazon.com/images/I/41NNyeISnjL._SL500_.jpg" alt="Product Image"></a><p>Scotch Super-Hold Tape, 2 Rolls, Transparent Finish, 50% More Adhesive, Trusted Favorite, 3/4 x 600 Inches, Dispensered (198DM-2)</p><p> -30% 0FF </p><p>$5.97</p><a href="https://www.amazon.com/dp/B07CB6LN5S?tag=eloabder-20&linkCode=osi&th=1&psc=1">View Product</a></div><div class="product"><a href="https://www.amazon.com/dp/B00464740A?tag=eloabder-20&linkCode=osi&th=1&psc=1"><img src="https://m.media-amazon.com/images/I/51ZPFoiGfuL._SL500_.jpg" alt="Product Image"></a><p>Scotch Sure Start Shipping Packaging Tape, 1.88" x 22.2 yd, Designed for Packing, Shipping and Mailing, Quiet Unwind, No Splitting or Tearing, 1.5" Core, Clear, 6 Dispensered Rolls (145-6)</p><p> -28% 0FF </p><p>$13.48</p><a href="https://www.amazon.com/dp/B00464740A?tag=eloabder-20&linkCode=osi&th=1&psc=1">View Product</a></div><div class="product"><a href="https://www.amazon.com/dp/B09C6LLG9P?tag=eloabder-20&linkCode=osi&th=1&psc=1"><img src="https://m.media-amazon.com/images/I/41rbv66ZNBL._SL500_.jpg" alt="Product Image"></a><p>Scotch Box Lock Packaging Tape, 1 Roll with Dispenser, 1.88 in x 1000 in, Extreme Grip, Sticks Instantly to Any Box (195L)</p><p> -31% 0FF </p><p>$4.12</p><a href="https://www.amazon.com/dp/B09C6LLG9P?tag=eloabder-20&linkCode=osi&th=1&psc=1">View Product</a></div>
<div class="product"><a href="https://www.amazon.com/dp/B08QQZ71CV?tag=eloabder-20&linkCode=osi&th=1&psc=1"><img src="https://m.media-amazon.com/images/I/51Foz0aGYoS._SL500_.jpg" alt="Product Image"></a><p>Gorilla Super Glue, Clear Glue, Four 3 Gram Tubes (Pack of 1) - All Purpose and Fast Setting for Projects and Repairs</p><p> -25% 0FF </p><p>$9.49 ($22.60 / Ounce)</p><a href="https://www.amazon.com/dp/B08QQZ71CV?tag=eloabder-20&linkCode=osi&th=1&psc=1">View Product</a></div><div class="product"><a href="https://www.amazon.com/dp/B07J6R3GK7?tag=eloabder-20&linkCode=osi&th=1&psc=1"><img src="https://m.media-amazon.com/images/I/31kdOjGBkpL._SL500_.jpg" alt="Product Image"></a><p>Amazon Basics All Purpose Washable School Clear Liquid Glue - Great for Making Slime, 128 fl oz</p><p> -6% 0FF </p><p>$16.13</p><a href="https://www.amazon.com/dp/B07J6R3GK7?tag=eloabder-20&linkCode=osi&th=1&psc=1">View Product</a></div><div class="product"><a href="https://www.amazon.com/dp/B00178QQJ8?tag=eloabder-20&linkCode=osi&th=1&psc=1"><img src="https://m.media-amazon.com/images/I/41zs6k410RL._SL500_.jpg" alt="Product Image"></a><p>Mod Podge Gloss Sealer, Glue & Finish: All-in-One Craft Solution- Quick Dry, Easy Clean, for Wood, Paper, Fabric & More. Non-Toxic - Craft with Confidence, Made in USA, 16 oz., Pack of 1</p><p> -36% 0FF </p><p>$7.99 ($0.50 / Fl Oz)</p><a href="https://www.amazon.com/dp/B00178QQJ8?tag=eloabder-20&linkCode=osi&th=1&psc=1">View Product</a></div><div class="product"><a href="https://www.amazon.com/dp/B073V14DZJ?tag=eloabder-20&linkCode=osi&th=1&psc=1"><img src="https://m.media-amazon.com/images/I/31Iyy5+vk6L._SL500_.jpg" alt="Product Image"></a><p>Amazon Basics All Purpose Washable School Craft Liquid Glue for Making Slime, White, Single Pack, 1 Gallon</p><p> -7% 0FF </p><p>$15.54</p><a href="https://www.amazon.com/dp/B073V14DZJ?tag=eloabder-20&linkCode=osi&th=1&psc=1">View Product</a></div><div class="product"><a href="https://www.amazon.com/dp/B0006HUJCQ?tag=eloabder-20&linkCode=osi&th=1&psc=1"><img src="https://m.media-amazon.com/images/I/511pTqChTCL._SL500_.jpg" alt="Product Image"></a><p>Loctite Super Glue Gel Control, Clear, 0.14 fl oz Bottle, 1 Pack - Superglue for Plastic, Wood, Metal, Crafts & Repair, Cyanoacrylate Adhesive Instant Glue, Quick Dry</p><p> -13% 0FF </p><p>$3.64 ($26.00 / Fl Oz)</p><a href="https://www.amazon.com/dp/B0006HUJCQ?tag=eloabder-20&linkCode=osi&th=1&psc=1">View Product</a></div>
<div class="product"><a href="https://www.amazon.com/dp/B074XTRX7K?tag=eloabder-20&linkCode=osi&th=1&psc=1"><img src="https://m.media-amazon.com/images/I/31rOPIrMfDL._SL500_.jpg" alt="Product Image"></a><p>Amazon Basics Sturdy Binder Clips for Office Use, 96 Count (8 Pack of 12), Medium, 1.25 in, Black</p><p> -26% 0FF </p><p>$7.48</p><a href="https://www.amazon.com/dp/B074XTRX7K?tag=eloabder-20&linkCode=osi&th=1&psc=1">View Product</a></div><div class="product"><a href="https://www.amazon.com/dp/B00TQ8FDB8?tag=eloabder-20&linkCode=osi&th=1&psc=1"><img src="https://m.media-amazon.com/images/I/51y7lUrMLnL._SL500_.jpg" alt="Product Image"></a><p>ACCO Binder Clips, Medium, Black, 12 per Box, 2 Boxes (72062)</p><p> -25% 0FF </p><p>$5.96</p><a href="https://www.amazon.com/dp/B00TQ8FDB8?tag=eloabder-20&linkCode=osi&th=1&psc=1">View Product</a></div><div class="product"><a href="https://www.amazon.com/dp/B08KWCDP3C?tag=eloabder-20&linkCode=osi&th=1&psc=1"><img src="https://m.media-amazon.com/images/I/41qucDz6HuL._SL500_.jpg" alt="Product Image"></a><p>Ufmarine Medium Binder Clips 1.25 inch Length, (40 Pcs) Colorful Paper Clips Medium for Office</p><p> -12% 0FF </p><p>$5.99</p><a href="https://www.amazon.com/dp/B08KWCDP3C?tag=eloabder-20&linkCode=osi&th=1&psc=1">View Product</a></div>
<div class="product"><a href="https://www.amazon.com/dp/B09XQLJFDD?tag=eloabder-20&linkCode=osi&th=1&psc=1"><img src="https://m.media-amazon.com/images/I/41iiSFMy4uL._SL500_.jpg" alt="Product Image"></a><p>PAPERPAL Paperclips for Office School & Personal Use, #1 Nonskid Paper Clip (1-2/7"), 600 Medium Paper Clips (6 Boxes of 100 Each), Silver</p><p> -20% 0FF </p><p>$7.99</p><a href="https://www.amazon.com/dp/B09XQLJFDD?tag=eloabder-20&linkCode=osi&th=1&psc=1">View Product</a></div>

<div class="product"><a href="https://www.amazon.com/dp/B004I2G8NO?tag=eloabder-20&linkCode=osi&th=1&psc=1"><img src="https://m.media-amazon.com/images/I/51WEsLRINGL._SL500_.jpg" alt="Product Image"></a><p>Business Source Rubber Band, Natural (1914LB)</p><p> -26% 0FF </p><p>$4.00</p><a href="https://www.amazon.com/dp/B004I2G8NO?tag=eloabder-20&linkCode=osi&th=1&psc=1">View Product</a></div><div class="product"><a href="https://www.amazon.com/dp/B077GDY1LP?tag=eloabder-20&linkCode=osi&th=1&psc=1"><img src="https://m.media-amazon.com/images/I/41nn0nmNTiL._SL500_.jpg" alt="Product Image"></a><p>ANNIE 1000 RUBBER BANDS 1/2" #BLACK</p><p> -7% 0FF </p><p>$4.90 ($1.22 / Count)</p><a href="https://www.amazon.com/dp/B077GDY1LP?tag=eloabder-20&linkCode=osi&th=1&psc=1">View Product</a></div><div class="product"><a href="https://www.amazon.com/dp/B000783OPI?tag=eloabder-20&linkCode=osi&th=1&psc=1"><img src="https://m.media-amazon.com/images/I/510okXKzMqL._SL500_.jpg" alt="Product Image"></a><p>Universal 00419 19-Size Rubber Bands (335 Per Pack), Beige</p><p> -29% 0FF </p><p>$3.44</p><a href="https://www.amazon.com/dp/B000783OPI?tag=eloabder-20&linkCode=osi&th=1&psc=1">View Product</a></div><div class="product"><a href="https://www.amazon.com/dp/B00006IBRU?tag=eloabder-20&linkCode=osi&th=1&psc=1"><img src="https://m.media-amazon.com/images/I/51pU5khkX8L._SL500_.jpg" alt="Product Image"></a><p>ALL26335 - Alliance Rubber 26335 Advantage Rubber Bands - Size #33, Natural, 1 Pound 3 x 1/8 inches</p><p> -62% 0FF </p><p>$3.29</p><a href="https://www.amazon.com/dp/B00006IBRU?tag=eloabder-20&linkCode=osi&th=1&psc=1">View Product</a></div>
<div class="product"><a href="https://www.amazon.com/dp/B0DSKTZBB6?tag=eloabder-20&linkCode=osi&th=1&psc=1"><img src="https://m.media-amazon.com/images/I/415YD3kNFlL._SL500_.jpg" alt="Product Image"></a><p>300 Count Colored Index Cards 3 x 5 Inch Ruled Index Cards, Flash Cards College Ruled for School, College, Office and Home Organization, Durable Study To Do List Note Cards with Ruled Lines</p><p> -10% 0FF </p><p>$6.29</p><a href="https://www.amazon.com/dp/B0DSKTZBB6?tag=eloabder-20&linkCode=osi&th=1&psc=1">View Product</a></div><div class="product"><a href="https://www.amazon.com/dp/B09JYQZQ3V?tag=eloabder-20&linkCode=osi&th=1&psc=1"><img src="https://m.media-amazon.com/images/I/41y5vfnutuL._SL500_.jpg" alt="Product Image"></a><p>Oxford Index Cards, 3 x 5 Inches, White, Lined on Front, Blank on Back, Flashcards for School and Studying, Recipe Note Cards, 500 Count (5 Packs of 100) (40176)</p><p> -22% 0FF </p><p>$7.01</p><a href="https://www.amazon.com/dp/B09JYQZQ3V?tag=eloabder-20&linkCode=osi&th=1&psc=1">View Product</a></div>
<div class="product"><a href="https://www.amazon.com/dp/B00P9U2EM8?tag=eloabder-20&linkCode=osi&th=1&psc=1"><img src="https://m.media-amazon.com/images/I/41Op5kyIukL._SL500_.jpg" alt="Product Image"></a><p>Mead Spiral Notebook, 6 Pack, 1 Subject, College Ruled Paper, 7-1/2" x 10-1/2", 70 Sheets per Notebook, Colors Will Vary (830062-ECM25)</p><p> -46% 0FF </p><p>$6.71</p><a href="https://www.amazon.com/dp/B00P9U2EM8?tag=eloabder-20&linkCode=osi&th=1&psc=1">View Product</a></div><div class="product"><a href="https://www.amazon.com/dp/B0CQN8FVJX?tag=eloabder-20&linkCode=osi&th=1&psc=1"><img src="https://m.media-amazon.com/images/I/414WVVoGFPL._SL500_.jpg" alt="Product Image"></a><p>SUNEE Spiral Notebooks, 1-Subject, 5 Pack, College Ruled Paper, 8" x 10-1/2", 70 Sheets per Notebook,3-Hole Punched Paper, Pink,Purple, Blue, Green, Yellow Spiral Lined Notebooks for School,Work</p><p> -29% 0FF </p><p>$9.99</p><a href="https://www.amazon.com/dp/B0CQN8FVJX?tag=eloabder-20&linkCode=osi&th=1&psc=1">View Product</a></div><div class="product"><a href="https://www.amazon.com/dp/B08NYRMWZ8?tag=eloabder-20&linkCode=osi&th=1&psc=1"><img src="https://m.media-amazon.com/images/I/41y1cnNXtOL._SL500_.jpg" alt="Product Image"></a><p>Yansanido Spiral Notebook, 4 Pcs 8.3 Inch x 5.9 Inch A5 Thick Plastic Hardcover 8mm Ruled 4 Color 80 Sheets -160 Pages Journals for Study and Notes (style 10-Wine Red,Brown,Green,ivory, A5)</p><p> -23% 0FF </p><p>$9.99</p><a href="https://www.amazon.com/dp/B08NYRMWZ8?tag=eloabder-20&linkCode=osi&th=1&psc=1">View Product</a></div><div class="product"><a href="https://www.amazon.com/dp/B08VF9VYLZ?tag=eloabder-20&linkCode=osi&th=1&psc=1"><img src="https://m.media-amazon.com/images/I/41ktUSmtHAL._SL500_.jpg" alt="Product Image"></a><p>Oxford Spiral Notebooks, 6 Pack, 1 Subject, Wide Ruled Notebooks for School, 8 x 10.5 Inches, 70 Sheets, Assorted Pastel Colors, Back to School Supplies (63757)</p><p> -6% 0FF </p><p>$8.99</p><a href="https://www.amazon.com/dp/B08VF9VYLZ?tag=eloabder-20&linkCode=osi&th=1&psc=1">View Product</a></div>

<div class="product"><a href="https://www.amazon.com/dp/B0033J6V3A?tag=eloabder-20&linkCode=osi&th=1&psc=1"><img src="https://m.media-amazon.com/images/I/21o5ASbichL._SL500_.jpg" alt="Product Image"></a><p>NuSparc 2 Drawer Locking Filing Cabinet | Pre-Assembled Steel Construction | Space-Saving Design is Perfect for Home and Small Office | Letter-Size | Assembled in North America</p><p> -14% 0FF </p><p>$76.99</p><a href="https://www.amazon.com/dp/B0033J6V3A?tag=eloabder-20&linkCode=osi&th=1&psc=1">View Product</a></div><div class="product"><a href="https://www.amazon.com/dp/B0D9XYD75W?tag=eloabder-20&linkCode=osi&th=1&psc=1"><img src="https://m.media-amazon.com/images/I/31VM3xK++PL._SL500_.jpg" alt="Product Image"></a><p>BYNSOE 2 Drawer File Cabinet with Lock Vertical Filing Storage Cabinet Office Home Steel Vertical File Cabinets for Letter Size File Cabinet Locked,Assembly Required</p><p> -8% 0FF </p><p>$54.99</p><a href="https://www.amazon.com/dp/B0D9XYD75W?tag=eloabder-20&linkCode=osi&th=1&psc=1">View Product</a></div><div class="product"><a href="https://www.amazon.com/dp/B0989HLF81?tag=eloabder-20&linkCode=osi&th=1&psc=1"><img src="https://m.media-amazon.com/images/I/51vzgnkbcjL._SL500_.jpg" alt="Product Image"></a><p>DEVAISE 3 Drawer Mobile File Cabinet, Wood Lateral Filing Cabinet, Printer Stand with Open Shelves for Home Office, Rustic Brown</p><p> -21% 0FF </p><p>$74.99</p><a href="https://www.amazon.com/dp/B0989HLF81?tag=eloabder-20&linkCode=osi&th=1&psc=1">View Product</a></div>
<div class="product"><a href="https://www.amazon.com/dp/B00006RSQD?tag=eloabder-20&linkCode=osi&th=1&psc=1"><img src="https://m.media-amazon.com/images/I/315rez3KpeL._SL500_.jpg" alt="Product Image"></a><p>Bush Business Furniture Series C 36W Tall 5 Shelf Bookcase in Hansen Cherry, Large Storage and Display Bookshelf for Home or Professional Office</p><p> -8% 0FF </p><p>$239.49</p><a href="https://www.amazon.com/dp/B00006RSQD?tag=eloabder-20&linkCode=osi&th=1&psc=1">View Product</a></div>
<div class="product"><a href="https://www.amazon.com/dp/B09F6JPYSY?tag=eloabder-20&linkCode=osi&th=1&psc=1"><img src="https://m.media-amazon.com/images/I/51fGLH7lhHL._SL500_.jpg" alt="Product Image"></a><p>SPACELEAD Slim Storage Cart 3 Tier,Bathroom Organizer Rolling Utility,Mobile Shelving Unit Slide Out for Office, Kitchen, Laundry Room & Narrow Places,Black</p><p> -30% 0FF </p><p>$20.99</p><a href="https://www.amazon.com/dp/B09F6JPYSY?tag=eloabder-20&linkCode=osi&th=1&psc=1">View Product</a></div><div class="product"><a href="https://www.amazon.com/dp/B08KFTVGQY?tag=eloabder-20&linkCode=osi&th=1&psc=1"><img src="https://m.media-amazon.com/images/I/51BjUEmGaiL._SL500_.jpg" alt="Product Image"></a><p>SONGMICS Cube Storage Organizer, Set of 16 Plastic Cubes, Closet Organizers and Storage, Room Organization, Bedroom Living Room, 12.2 x 48.4 x 48.4 Inches, Rustic Brown ULPC442A01</p><p> -15% 0FF </p><p>$46.99</p><a href="https://www.amazon.com/dp/B08KFTVGQY?tag=eloabder-20&linkCode=osi&th=1&psc=1">View Product</a></div><div class="product"><a href="https://www.amazon.com/dp/B0DG359YX5?tag=eloabder-20&linkCode=osi&th=1&psc=1"><img src="https://m.media-amazon.com/images/I/41OBXL4HJdL._SL500_.jpg" alt="Product Image"></a><p>VIVO Clamp-on 13 inch Above or Below Desk 2-Tier Shelving Unit for Table Accessories, Gaming Devices, and More, Storage Tray, Desktop Organizer, Rustic Vintage Brown, STAND-SHELF2C-N</p><p> -20% 0FF </p><p>$39.99</p><a href="https://www.amazon.com/dp/B0DG359YX5?tag=eloabder-20&linkCode=osi&th=1&psc=1">View Product</a></div><div class="product"><a href="https://www.amazon.com/dp/B0D7S5GGP6?tag=eloabder-20&linkCode=osi&th=1&psc=1"><img src="https://m.media-amazon.com/images/I/51EriWG2BLL._SL500_.jpg" alt="Product Image"></a><p>C&AHOME Wire Cube Storage, 9 - Cube Organizer Metal C Grids, Modular Shelves Units, Closet Organizer, Ideal for Home, Office, Living Room, 36.6”L x 12.4”W x 48.4”H, Silver Gray UWCS3009G</p><p> -33% 0FF </p><p>$28.87</p><a href="https://www.amazon.com/dp/B0D7S5GGP6?tag=eloabder-20&linkCode=osi&th=1&psc=1">View Product</a></div>
<div class="product"><a href="https://www.amazon.com/dp/B0B1M6ML2J?tag=eloabder-20&linkCode=osi&th=1&psc=1"><img src="https://m.media-amazon.com/images/I/51pX2Qo38JL._SL500_.jpg" alt="Product Image"></a><p>WOWBOX 25 PCS Clear Plastic Drawer Organizer Set, 4 Sizes Desk Drawer Divider Organizers and Storage Bins for Makeup, Jewelry, Gadgets for Kitchen, Bedroom, Bathroom, Office</p><p> -35% 0FF </p><p>$16.13 ($0.65 / Count)</p><a href="https://www.amazon.com/dp/B0B1M6ML2J?tag=eloabder-20&linkCode=osi&th=1&psc=1">View Product</a></div><div class="product"><a href="https://www.amazon.com/dp/B0DB8F7GDN?tag=eloabder-20&linkCode=osi&th=1&psc=1"><img src="https://m.media-amazon.com/images/I/51iOtKHzvCL._SL500_.jpg" alt="Product Image"></a><p>OPNICE Desk Organizer and Accessories, 2-Tier Computer Monitor Stand Riser with Drawer and 2 Pen Holders, Laptop Stand, Office Desk Accessories for Office Supplies, Black</p><p> -27% 0FF </p><p>$21.99</p><a href="https://www.amazon.com/dp/B0DB8F7GDN?tag=eloabder-20&linkCode=osi&th=1&psc=1">View Product</a></div><div class="product"><a href="https://www.amazon.com/dp/B0FQ86P4M3?tag=eloabder-20&linkCode=osi&th=1&psc=1"><img src="https://m.media-amazon.com/images/I/41ZDdyGnPxL._SL500_.jpg" alt="Product Image"></a><p>Mind Reader 2-Tier Desk Organizer with Clamp, Accessory Shelf for Office or Gaming, Office, Metal, White</p><p> -5% 0FF </p><p>$37.99</p><a href="https://www.amazon.com/dp/B0FQ86P4M3?tag=eloabder-20&linkCode=osi&th=1&psc=1">View Product</a></div><div class="product"><a href="https://www.amazon.com/dp/B0BYDGF8DT?tag=eloabder-20&linkCode=osi&th=1&psc=1"><img src="https://m.media-amazon.com/images/I/51sE2GzgVNL._SL500_.jpg" alt="Product Image"></a><p>OPNICE Desk Organizer and Accessories, 4-Tier Desktop File Organizer with Drawer and 2 Pen Holders, Office Desk Accessories, Workspace Organizers for Office Supplies(Black)</p><p> -33% 0FF </p><p>$19.99</p><a href="https://www.amazon.com/dp/B0BYDGF8DT?tag=eloabder-20&linkCode=osi&th=1&psc=1">View Product</a></div><div class="product"><a href="https://www.amazon.com/dp/B0DJKSMV2T?tag=eloabder-20&linkCode=osi&th=1&psc=1"><img src="https://m.media-amazon.com/images/I/41gO3CCIg1L._SL500_.jpg" alt="Product Image"></a><p>gianotter Dual Monitor Stand Riser, Desk Organizer With Drawer and 2 Pen Holders, Computer Monitor Stand, Shelf for Top of Desk, Black</p><p> -28% 0FF </p><p>$25.99</p><a href="https://www.amazon.com/dp/B0DJKSMV2T?tag=eloabder-20&linkCode=osi&th=1&psc=1">View Product</a></div><div class="product"><a href="https://www.amazon.com/dp/B0BWTT3WK1?tag=eloabder-20&linkCode=osi&th=1&psc=1"><img src="https://m.media-amazon.com/images/I/51JTe2SjicL._SL500_.jpg" alt="Product Image"></a><p>gianotter Desk Organizers and Accessories with File Holder, 4-Tier Desk Accessories & Workspace Organizers with Drawer and 2 Pen Holder, Paper Organizer for Office Supplies (Rose Gold)</p><p> -27% 0FF </p><p>$23.99</p><a href="https://www.amazon.com/dp/B0BWTT3WK1?tag=eloabder-20&linkCode=osi&th=1&psc=1">View Product</a></div><div class="product"><a href="https://www.amazon.com/dp/B09QKDY1YY?tag=eloabder-20&linkCode=osi&th=1&psc=1"><img src="https://m.media-amazon.com/images/I/519UVM73B6L._SL500_.jpg" alt="Product Image"></a><p>Supeasy 5 Trays Paper Organizer Letter Tray with Handle-Mesh Desk File Organizer, Paper Sorter Desk Organizer for Office, Home or School</p><p> -17% 0FF </p><p>$19.99</p><a href="https://www.amazon.com/dp/B09QKDY1YY?tag=eloabder-20&linkCode=osi&th=1&psc=1">View Product</a></div><div class="product"><a href="https://www.amazon.com/dp/B08PBFKGJG?tag=eloabder-20&linkCode=osi&th=1&psc=1"><img src="https://m.media-amazon.com/images/I/61WfW0WLsqL._SL500_.jpg" alt="Product Image"></a><p>Marbrasse 6 Tier Paper Organizer Letter Tray - Mesh Desk File Organizer with Handle, Paper Sorter Organizer for Letter/A4 Office File Folder Holder - Black</p><p> -23% 0FF </p><p>$19.98</p><a href="https://www.amazon.com/dp/B08PBFKGJG?tag=eloabder-20&linkCode=osi&th=1&psc=1">View Product</a></div><div class="product"><a href="https://www.amazon.com/dp/B09K5927B5?tag=eloabder-20&linkCode=osi&th=1&psc=1"><img src="https://m.media-amazon.com/images/I/51u5tZ4jR6L._SL500_.jpg" alt="Product Image"></a><p>Marbrasse Desk Organizer with File Holder, 5-Tier Paper Letter Tray Organizer with Drawer and 2 Pen Holder, Mesh Desktop Organizer and Storage with Magazine Holder for Office Supplies(Black)</p><p> -24% 0FF </p><p>$33.99</p><a href="https://www.amazon.com/dp/B09K5927B5?tag=eloabder-20&linkCode=osi&th=1&psc=1">View Product</a></div>
<div class="product"><a href="https://www.amazon.com/dp/B0CNXF7SVS?tag=eloabder-20&linkCode=osi&th=1&psc=1"><img src="https://m.media-amazon.com/images/I/51a6EswyTZL._SL500_.jpg" alt="Product Image"></a><p>Manalete Drawer Organizers Set of 15, 4 Sizes Clear Plastic Drawer Organizers and Storage Bins for Kitchen, Bathroom, Office, Dresser Desk Drawer Organizer Tray for Jewelry, Makeup, Junk, Gadgets</p><p> -29% 0FF </p><p>$9.99</p><a href="https://www.amazon.com/dp/B0CNXF7SVS?tag=eloabder-20&linkCode=osi&th=1&psc=1">View Product</a></div><div class="product"><a href="https://www.amazon.com/dp/B0CCY5X6SS?tag=eloabder-20&linkCode=osi&th=1&psc=1"><img src="https://m.media-amazon.com/images/I/41Iye-vPXJL._SL500_.jpg" alt="Product Image"></a><p>Bamboo Drawer Organizer Set, 5 PCS Multi-Use Individual Wood Storage Organizers, Junk Drawer Divider and Storage Trays Containers for Kitchen, Bathroom, Office Desk, Makeup, Jewelry, Utensils</p><p> -20% 0FF </p><p>$19.99 ($4.00 / Count)</p><a href="https://www.amazon.com/dp/B0CCY5X6SS?tag=eloabder-20&linkCode=osi&th=1&psc=1">View Product</a></div><div class="product"><a href="https://www.amazon.com/dp/B0CCDJQ7MM?tag=eloabder-20&linkCode=osi&th=1&psc=1"><img src="https://m.media-amazon.com/images/I/51kU0WJxdsL._SL500_.jpg" alt="Product Image"></a><p>Marbrasse Expandable Desk Drawer Organizer, Mesh Drawer Organizer Tray with 10 Adjustable Compartments, Desk Organizers and Accessories, 5 Dividers Drawer for Office Supplies, Makeup & Vanity (Black)</p><p> -15% 0FF </p><p>$17.84</p><a href="https://www.amazon.com/dp/B0CCDJQ7MM?tag=eloabder-20&linkCode=osi&th=1&psc=1">View Product</a></div><div class="product"><a href="https://www.amazon.com/dp/B0DM27MBZN?tag=eloabder-20&linkCode=osi&th=1&psc=1"><img src="https://m.media-amazon.com/images/I/41hAfSMnrZL._SL500_.jpg" alt="Product Image"></a><p>ElegantArray 12 PCS Drawer Organizer Set, 4 Sizes Storage Drawer Units, Clear Plastic Makeup Vanity Organizer and Storage Bins for Makeup, Stationeries, Multiple Gadgets for Bathroom, Office, Bedroom</p><p> -31% 0FF </p><p>$8.99</p><a href="https://www.amazon.com/dp/B0DM27MBZN?tag=eloabder-20&linkCode=osi&th=1&psc=1">View Product</a></div>
<div class="product"><a href="https://www.amazon.com/dp/B0C4T42TPC?tag=eloabder-20&linkCode=osi&th=1&psc=1"><img src="https://m.media-amazon.com/images/I/318IsyAsPXL._SL500_.jpg" alt="Product Image"></a><p>Adjustable Mobile CPU Stand, Ventilated Computer Tower Stand with 4 Caster Wheels Fits Most PC Tower, Under Desk CPU Holder PC Floor Cart Computer Riser for Gamers and Students (Black)</p><p> -21% 0FF </p><p>$14.21</p><a href="https://www.amazon.com/dp/B0C4T42TPC?tag=eloabder-20&linkCode=osi&th=1&psc=1">View Product</a></div><div class="product"><a href="https://www.amazon.com/dp/B094QTGHNZ?tag=eloabder-20&linkCode=osi&th=1&psc=1"><img src="https://m.media-amazon.com/images/I/31VzBQ+jwWL._SL500_.jpg" alt="Product Image"></a><p>WALI Computer Monitor Stand for Desk, Adjustable Laptop Riser, Desk Monitor Stand Underneath Storage for Office, Home, School Supplies (STT003), 1 Pack, Black</p><p> -32% 0FF </p><p>$16.99</p><a href="https://www.amazon.com/dp/B094QTGHNZ?tag=eloabder-20&linkCode=osi&th=1&psc=1">View Product</a></div><div class="product"><a href="https://www.amazon.com/dp/B07H4DMLVH?tag=eloabder-20&linkCode=osi&th=1&psc=1"><img src="https://m.media-amazon.com/images/I/31eTfKhpSWL._SL500_.jpg" alt="Product Image"></a><p>HUANUO Monitor Stand, Monitor Stand Riser 3 Height Adjustable, Monitor Riser with Airflow Vents, Laptop Stand for Desk, Laptop Riser, Desk Organizer for Monitor, 15.6" Laptop, PC, Printer</p><p> -11% 0FF </p><p>$15.19</p><a href="https://www.amazon.com/dp/B07H4DMLVH?tag=eloabder-20&linkCode=osi&th=1&psc=1">View Product</a></div><div class="product"><a href="https://www.amazon.com/dp/B0D69W6H91?tag=eloabder-20&linkCode=osi&th=1&psc=1"><img src="https://m.media-amazon.com/images/I/51rQI+gi3lL._SL500_.jpg" alt="Product Image"></a><p>JANE EYRE Computer Tower Stand - Adjustable PC Tower Stand CPU Holder Cart with Charging Station for Office Home Classroom,23.03"-28.3" H, black</p><p> -10% 0FF </p><p>$53.99</p><a href="https://www.amazon.com/dp/B0D69W6H91?tag=eloabder-20&linkCode=osi&th=1&psc=1">View Product</a></div><div class="product"><a href="https://www.amazon.com/dp/B0C4T34L9Y?tag=eloabder-20&linkCode=osi&th=1&psc=1"><img src="https://m.media-amazon.com/images/I/51BNMGXNOEL._SL500_.jpg" alt="Product Image"></a><p>BONTEC Wooden Monitor Stand Riser, 2-Tier Desk Shelf with Storage Organizer, Ergonomic Computer Stand with Cable Management, Cellphone Holder, White, 16.5 Inch</p><p> -33% 0FF </p><p>$18.04</p><a href="https://www.amazon.com/dp/B0C4T34L9Y?tag=eloabder-20&linkCode=osi&th=1&psc=1">View Product</a></div><div class="product"><a href="https://www.amazon.com/dp/B08BRCT4JH?tag=eloabder-20&linkCode=osi&th=1&psc=1"><img src="https://m.media-amazon.com/images/I/41Ga6A+cXbL._SL500_.jpg" alt="Product Image"></a><p>BESIGN LS03 Aluminum Laptop Stand, Ergonomic Detachable Computer Stand, Notebook Riser Compatible with Air, Pro, Dell, HP, Lenovo More 10-15.6" Laptops, Silver</p><p> -25% 0FF </p><p>$14.98</p><a href="https://www.amazon.com/dp/B08BRCT4JH?tag=eloabder-20&linkCode=osi&th=1&psc=1">View Product</a></div>
<div class="product"><a href="https://www.amazon.com/dp/B07Q79ZZJ6?tag=eloabder-20&linkCode=osi&th=1&psc=1"><img src="https://m.media-amazon.com/images/I/31-LBzENQIL._SL500_.jpg" alt="Product Image"></a><p>Single LCD Computer Monitor Free-Standing Desk Stand Mount Riser for 13 inch to 32 inch screen with Swivel, Height Adjustable, Rotation, Vesa Base Stand Holds One (1) Screen up to 77Lbs(HT05B-001))</p><p> -34% 0FF </p><p>$21.99</p><a href="https://www.amazon.com/dp/B07Q79ZZJ6?tag=eloabder-20&linkCode=osi&th=1&psc=1">View Product</a></div><div class="product"><a href="https://www.amazon.com/dp/B082845XM8?tag=eloabder-20&linkCode=osi&th=1&psc=1"><img src="https://m.media-amazon.com/images/I/41uRH1B7HgL._SL500_.jpg" alt="Product Image"></a><p>Dual Monitor Stand - Vertical Stack Screen Free-Standing Monitor Riser Fits Two 13 to 34 Inch Screen with Swivel, Tilt, Height Adjustable, Holds One (1) Screen Up to 44Lbs</p><p> -5% 0FF </p><p>$31.56</p><a href="https://www.amazon.com/dp/B082845XM8?tag=eloabder-20&linkCode=osi&th=1&psc=1">View Product</a></div><div class="product"><a href="https://www.amazon.com/dp/B00X4SCCFG?tag=eloabder-20&linkCode=osi&th=1&psc=1"><img src="https://m.media-amazon.com/images/I/21X2klzUZGL._SL500_.jpg" alt="Product Image"></a><p>Amazon Basics Height Adjustable Rectangular Computer Monitor Riser Desk Stand with Storage for Reduced Neck Strain - Fits Monitors, Laptops Up to 22lbs, Black</p><p> -35% 0FF </p><p>$14.06</p><a href="https://www.amazon.com/dp/B00X4SCCFG?tag=eloabder-20&linkCode=osi&th=1&psc=1">View Product</a></div>
<div class="product"><a href="https://www.amazon.com/dp/B07HFDJCSL?tag=eloabder-20&linkCode=osi&th=1&psc=1"><img src="https://m.media-amazon.com/images/I/41DR7qY1naL._SL500_.jpg" alt="Product Image"></a><p>VIVO Large Keyboard Tray Under Desk Pull Out with Extra Sturdy C Clamp Mount System, 27 (33 Including Clamps) x 11 Inch Slide-Out Platform Computer Drawer for Typing, Black, MOUNT-KB05E</p><p> -17% 0FF </p><p>$49.99</p><a href="https://www.amazon.com/dp/B07HFDJCSL?tag=eloabder-20&linkCode=osi&th=1&psc=1">View Product</a></div><div class="product"><a href="https://www.amazon.com/dp/B082NKBM62?tag=eloabder-20&linkCode=osi&th=1&psc=1"><img src="https://m.media-amazon.com/images/I/41qQ3p9-mrL._SL500_.jpg" alt="Product Image"></a><p>HUANUO Keyboard Tray Under Desk, 360 Adjustable Ergonomic Sliding Keyboard & Mouse Tray, Under Desk Keyboard Tray Slide Out, Keyboard Holder Under Desk for Typing in Home, Office Work, 25"W x 9.84"D</p><p> -33% 0FF </p><p>$59.98</p><a href="https://www.amazon.com/dp/B082NKBM62?tag=eloabder-20&linkCode=osi&th=1&psc=1">View Product</a></div><div class="product"><a href="https://www.amazon.com/dp/B0F23GTKHL?tag=eloabder-20&linkCode=osi&th=1&psc=1"><img src="https://m.media-amazon.com/images/I/41dmHoeznDL._SL500_.jpg" alt="Product Image"></a><p>Zontera Ergonomic Mouse & Keyboard Tray Under Desk, Pull Out with Adjustable C-clamp, 20 (25.9 Including Clamps) x 11.8 Inch Slide Out Computer Keyboard Drawer Mouse Tray for Typing, Black</p><p> -7% 0FF </p><p>$25.99</p><a href="https://www.amazon.com/dp/B0F23GTKHL?tag=eloabder-20&linkCode=osi&th=1&psc=1">View Product</a></div><div class="product"><a href="https://www.amazon.com/dp/B01IIGMBVI?tag=eloabder-20&linkCode=osi&th=1&psc=1"><img src="https://m.media-amazon.com/images/I/21Vw8003F0L._SL500_.jpg" alt="Product Image"></a><p>Alera ALE Valencia Series Underdesk Keyboard/Mouse Shelf, 28w x 12d, Black</p><p> -50% 0FF </p><p>$29.22</p><a href="https://www.amazon.com/dp/B01IIGMBVI?tag=eloabder-20&linkCode=osi&th=1&psc=1">View Product</a></div>
<div class="product"><a href="https://www.amazon.com/dp/B07C3XZMC6?tag=eloabder-20&linkCode=osi&th=1&psc=1"><img src="https://m.media-amazon.com/images/I/31Eojf7glwL._SL500_.jpg" alt="Product Image"></a><p>JIKIOU 3 Pack Mouse Pad with Stitched Edge, Comfortable Mouse Pads with Non-Slip Rubber Base, Washable Mousepads Bulk with Comfortable Cloth, Mouse Pads for Computers Laptop Mouse 10.2x8.3inch Black</p><p> -29% 0FF </p><p>$7.99</p><a href="https://www.amazon.com/dp/B07C3XZMC6?tag=eloabder-20&linkCode=osi&th=1&psc=1">View Product</a></div><div class="product"><a href="https://www.amazon.com/dp/B085XRMSTT?tag=eloabder-20&linkCode=osi&th=1&psc=1"><img src="https://m.media-amazon.com/images/I/31aDSI0sFoL._SL500_.jpg" alt="Product Image"></a><p>EooCoo Ergonomic Mouse Pad with Wrist Support, Mousepad with Memory Foam Wrist Rest and Non-Slip Base for Computer, Cafe, Home & Office, 9.64 x 8.26 in Office Desk Accessories</p><p> -36% 0FF </p><p>$6.99</p><a href="https://www.amazon.com/dp/B085XRMSTT?tag=eloabder-20&linkCode=osi&th=1&psc=1">View Product</a></div>
<div class="product"><a href="https://www.amazon.com/dp/B0BRCJL4MM?tag=eloabder-20&linkCode=osi&th=1&psc=1"><img src="https://m.media-amazon.com/images/I/41sggzaNbPL._SL500_.jpg" alt="Product Image"></a><p>Led Desk Lamp for Office Home - Eye Caring Architect lamp with Clamp,Dual Screen Computer Monitor Gooseneck Smart Light: 24W 5 Color Flexible Adjustable Lighting Table Lamp for Study Drafting</p><p> -13% 0FF </p><p>$69.99</p><a href="https://www.amazon.com/dp/B0BRCJL4MM?tag=eloabder-20&linkCode=osi&th=1&psc=1">View Product</a></div><div class="product"><a href="https://www.amazon.com/dp/B0BNHNG5CY?tag=eloabder-20&linkCode=osi&th=1&psc=1"><img src="https://m.media-amazon.com/images/I/51ccmdZe2YL._SL500_.jpg" alt="Product Image"></a><p>Micomlan Led Desk Lamp with Clamp, Architect Desk Lamp for Home Office with Atmosphere Lighting, 24W Ultra Bright Auto Dimming Computer Light Stepless Dimming and Tempering LED Table Light</p><p> -27% 0FF </p><p>$49.99</p><a href="https://www.amazon.com/dp/B0BNHNG5CY?tag=eloabder-20&linkCode=osi&th=1&psc=1">View Product</a></div><div class="product"><a href="https://www.amazon.com/dp/B078W61H9P?tag=eloabder-20&linkCode=osi&th=1&psc=1"><img src="https://m.media-amazon.com/images/I/31aebwb3nqL._SL500_.jpg" alt="Product Image"></a><p>LEPOWER Metal Desk Lamp, Eye-Caring Table Lamp, Study Lamps with Flexible Goose Neck for Bedroom, Home Office (Matte Black)</p><p> -24% 0FF </p><p>$24.99</p><a href="https://www.amazon.com/dp/B078W61H9P?tag=eloabder-20&linkCode=osi&th=1&psc=1">View Product</a></div><div class="product"><a href="https://www.amazon.com/dp/B0D1DLY4H4?tag=eloabder-20&linkCode=osi&th=1&psc=1"><img src="https://m.media-amazon.com/images/I/41sKiuSIwRL._SL500_.jpg" alt="Product Image"></a><p>SKYLEO Led Desk Lamp - Desk Light for 31.5" Tall - 5 Color Modes X 11 Brightness Levels - Adjustable Swing Arm - Timmer & Memory Function - 12W Lamp for Desk - Black</p><p> -23% 0FF </p><p>$19.99</p><a href="https://www.amazon.com/dp/B0D1DLY4H4?tag=eloabder-20&linkCode=osi&th=1&psc=1">View Product</a></div><div class="product"><a href="https://www.amazon.com/dp/B0D2LGK82V?tag=eloabder-20&linkCode=osi&th=1&psc=1"><img src="https://m.media-amazon.com/images/I/41UpQ-qygDL._SL500_.jpg" alt="Product Image"></a><p>Addtam LED Desk Lamp, Power Strip with 3 Outlets 4 USB Charging Ports(2 USBC), 4 Modes 5 Level Brightness Touch Lamp, Small Desk Lamp for Home Office College Dorm Room Essentials</p><p> -23% 0FF </p><p>$16.99</p><a href="https://www.amazon.com/dp/B0D2LGK82V?tag=eloabder-20&linkCode=osi&th=1&psc=1">View Product</a></div><div class="product"><a href="https://www.amazon.com/dp/B08LMTQ7ZF?tag=eloabder-20&linkCode=osi&th=1&psc=1"><img src="https://m.media-amazon.com/images/I/21vKPX2KHML._SL500_.jpg" alt="Product Image"></a><p>Lepro LED Desk Lamp for Home Office, 9.5W 750LM Metal Touch Control Desk Light, 5 Color Modes 5 Brightness Level, Eye Caring Task Lamp For Reading, Sewing, Crafts, School Supplies, Puzzle Light, Black</p><p> -13% 0FF </p><p>$24.99</p><a href="https://www.amazon.com/dp/B08LMTQ7ZF?tag=eloabder-20&linkCode=osi&th=1&psc=1">View Product</a></div>
<div class="product"><a href="https://www.amazon.com/dp/B0D7BXNDP4?tag=eloabder-20&linkCode=osi&th=1&psc=1"><img src="https://m.media-amazon.com/images/I/41DuEunZ1+L._SL500_.jpg" alt="Product Image"></a><p>Monitor Fan with Clamp & Light Bar Desk Lamp with fan for Office mini Desk fan small quiet with lamp for PC Laptops Tablet for Home Office Portable Working Reading Stand Lamp</p><p> -5% 0FF </p><p>$15.19</p><a href="https://www.amazon.com/dp/B0D7BXNDP4?tag=eloabder-20&linkCode=osi&th=1&psc=1">View Product</a></div><div class="product"><a href="https://www.amazon.com/dp/B07K1D41DC?tag=eloabder-20&linkCode=osi&th=1&psc=1"><img src="https://m.media-amazon.com/images/I/310MAouNV-L._SL500_.jpg" alt="Product Image"></a><p>OttLite Cool Breeze LED Lamp with Bladeless Fan - 3 Speed Options & 5 Brightness Settings with Energy Efficient Natural Daylight LEDs - Desktop, Table or Nightstand Lamp for Studying or Reading</p><p> -14% 0FF </p><p>$89.98</p><a href="https://www.amazon.com/dp/B07K1D41DC?tag=eloabder-20&linkCode=osi&th=1&psc=1">View Product</a></div>
<div class="product"><a href="https://www.amazon.com/dp/B0CXSXL1F2?tag=eloabder-20&linkCode=osi&th=1&psc=1"><img src="https://m.media-amazon.com/images/I/41H6cndt7iL._SL500_.jpg" alt="Product Image"></a><p>9 Pack Lined Sticky Notes 4x6 in Post Sticky Notes with Lines, 9 Bright Colors Self Sticky Notes Pad Its, Large Ruled Sticky Note for Office, Home, 35 Sheets/Pad</p><p> -33% 0FF </p><p>$7.99</p><a href="https://www.amazon.com/dp/B0CXSXL1F2?tag=eloabder-20&linkCode=osi&th=1&psc=1">View Product</a></div><div class="product"><a href="https://www.amazon.com/dp/B019QROV9S?tag=eloabder-20&linkCode=osi&th=1&psc=1"><img src="https://m.media-amazon.com/images/I/51OsStyntzL._SL500_.jpg" alt="Product Image"></a><p>Sharpie Clear View Highlighter Sticks, Chisel Tip, Assorted Fluorescent, 8 Count - School, Home, and Office Use, Teacher Supplies</p><p> -23% 0FF </p><p>$13.86</p><a href="https://www.amazon.com/dp/B019QROV9S?tag=eloabder-20&linkCode=osi&th=1&psc=1">View Product</a></div>
<div class="product"><a href="https://www.amazon.com/dp/B082PN4X5J?tag=eloabder-20&linkCode=osi&th=1&psc=1"><img src="https://m.media-amazon.com/images/I/51o+eA8g6nL._SL500_.jpg" alt="Product Image"></a><p>Sharpie S-Gel Gel Pens, Black Barrel, Medium Point (0.7mm), Black Gel Ink Pens, 12 Count - Home, Office, School, Journaling, Writing, Note-Taking, Teacher Supplies</p><p> -14% 0FF </p><p>$11.97</p><a href="https://www.amazon.com/dp/B082PN4X5J?tag=eloabder-20&linkCode=osi&th=1&psc=1">View Product</a></div><div class="product"><a href="https://www.amazon.com/dp/B0C9W8DD9S?tag=eloabder-20&linkCode=osi&th=1&psc=1"><img src="https://m.media-amazon.com/images/I/41mdSvEwNZL._SL500_.jpg" alt="Product Image"></a><p>Ddaowanx Gel Pens, 6 Pcs 0.5mm Quick Dry Black Ink Pens Fine Point Smooth Writing Pens, Cute Office School Supplies Gifts for Women</p><p> -10% 0FF </p><p>$8.99</p><a href="https://www.amazon.com/dp/B0C9W8DD9S?tag=eloabder-20&linkCode=osi&th=1&psc=1">View Product</a></div><div class="product"><a href="https://www.amazon.com/dp/B019QBOG3U?tag=eloabder-20&linkCode=osi&th=1&psc=1"><img src="https://m.media-amazon.com/images/I/416PjSebDoL._SL500_.jpg" alt="Product Image"></a><p>Paper Mate Colorful Gel Pens - InkJoy Gel Pens Assorted Medium Point (0.7). Perfect for Vibrant Colored Writing and Sketching with Paper Mate InkJoy 14 Count</p><p> -18% 0FF </p><p>$10.31</p><a href="https://www.amazon.com/dp/B019QBOG3U?tag=eloabder-20&linkCode=osi&th=1&psc=1">View Product</a></div><div class="product"><a href="https://www.amazon.com/dp/B0C73JDN4S?tag=eloabder-20&linkCode=osi&th=1&psc=1"><img src="https://m.media-amazon.com/images/I/51DJUUxL7HL._SL500_.jpg" alt="Product Image"></a><p>Linbsunne Ballpoint Pens Black Medium Point 1mm Pen with Super Soft Grip Ball Point Pen for Men Women Retractable Pens (gold-12 pcs)</p><p> -10% 0FF </p><p>$8.99</p><a href="https://www.amazon.com/dp/B0C73JDN4S?tag=eloabder-20&linkCode=osi&th=1&psc=1">View Product</a></div><div class="product"><a href="https://www.amazon.com/dp/B001OTA66O?tag=eloabder-20&linkCode=osi&th=1&psc=1"><img src="https://m.media-amazon.com/images/I/41yS5tBZQLL._SL500_.jpg" alt="Product Image"></a><p>BIC Glide Black Retractable Ballpoint Pens, Medium Point (1.0mm), 4-Count Pack, Ultra Smooth Writing Black Pens</p><p> -40% 0FF </p><p>$2.99</p><a href="https://www.amazon.com/dp/B001OTA66O?tag=eloabder-20&linkCode=osi&th=1&psc=1">View Product</a></div>
<div class="product"><a href="https://www.amazon.com/dp/B002HVXXCW?tag=eloabder-20&linkCode=osi&th=1&psc=1"><img src="https://m.media-amazon.com/images/I/41JeEedXCeL._SL500_.jpg" alt="Product Image"></a><p>Ticonderoga Wood-Cased Pencils, Pre-Sharpened, 2 HB Soft, Yellow, 10 Count</p><p> -58% 0FF </p><p>$2.49</p><a href="https://www.amazon.com/dp/B002HVXXCW?tag=eloabder-20&linkCode=osi&th=1&psc=1">View Product</a></div><div class="product"><a href="https://www.amazon.com/dp/B077Q4B6YN?tag=eloabder-20&linkCode=osi&th=1&psc=1"><img src="https://m.media-amazon.com/images/I/4160YcHGDNL._SL500_.jpg" alt="Product Image"></a><p>Paper Mate 2017483 Mechanical Pencils for Handwriting, Triangular, 5/PK, AST</p><p> -45% 0FF </p><p>$3.47</p><a href="https://www.amazon.com/dp/B077Q4B6YN?tag=eloabder-20&linkCode=osi&th=1&psc=1">View Product</a></div>
<div class="product"><a href="https://www.amazon.com/dp/B0D7YTZNRF?tag=eloabder-20&linkCode=osi&th=1&psc=1"><img src="https://m.media-amazon.com/images/I/41hSbSlNAmL._SL500_.jpg" alt="Product Image"></a><p>YASNAY Alcohol Markers, 48 Colors Dual Tip Art Marker, Drawing Markers, Coloring Marker for Kids Sketching Adult Coloring</p><p> -27% 0FF </p><p>$10.99</p><a href="https://www.amazon.com/dp/B0D7YTZNRF?tag=eloabder-20&linkCode=osi&th=1&psc=1">View Product</a></div><div class="product"><a href="https://www.amazon.com/dp/B07CJ8QXF8?tag=eloabder-20&linkCode=osi&th=1&psc=1"><img src="https://m.media-amazon.com/images/I/51bChi4-H4L._SL500_.jpg" alt="Product Image"></a><p>Dual Markers Brush Pens, 36 Fine Point Art Marker, Double Tip Colored Pen for Adult Coloring Hand Lettering, School Classroom Art Suppliers</p><p> -20% 0FF </p><p>$7.98</p><a href="https://www.amazon.com/dp/B07CJ8QXF8?tag=eloabder-20&linkCode=osi&th=1&psc=1">View Product</a></div><div class="product"><a href="https://www.amazon.com/dp/B071CP6X88?tag=eloabder-20&linkCode=osi&th=1&psc=1"><img src="https://m.media-amazon.com/images/I/41sNeEYkTNL._SL500_.jpg" alt="Product Image"></a><p>Crayola Super Tips Marker Set for Kids (100ct), Broad Tip & Fine Point Washable Art Markers for Kids, Bulk School Supplies, Teacher Classroom Must Haves, Drawing Supplies</p><p> -19% 0FF </p><p>$16.29</p><a href="https://www.amazon.com/dp/B071CP6X88?tag=eloabder-20&linkCode=osi&th=1&psc=1">View Product</a></div><div class="product"><a href="https://www.amazon.com/dp/B08MBFPFCQ?tag=eloabder-20&linkCode=osi&th=1&psc=1"><img src="https://m.media-amazon.com/images/I/51DaGL7Z4oL._SL500_.jpg" alt="Product Image"></a><p>Sharpie Permanent Markers Variety Pack, Includes Chisel, Fine, and Ultra-Fine Tips, Marker Set, Writing, Coloring, Poster, Office, School Supplies, Black, 6 Count</p><p> -19% 0FF </p><p>$4.63 ($0.77 / Count)</p><a href="https://www.amazon.com/dp/B08MBFPFCQ?tag=eloabder-20&linkCode=osi&th=1&psc=1">View Product</a></div>
<div class="product"><a href="https://www.amazon.com/dp/B09Y2KJ2KX?tag=eloabder-20&linkCode=osi&th=1&psc=1"><img src="https://m.media-amazon.com/images/I/41EhQr7suML._SL500_.jpg" alt="Product Image"></a><p>Sharpie Pocket Highlighters, Mild Pastel Colors, Assorted, Chisel Tip, 12 Count - School, Home, and Office Use, Teacher Supplies</p><p> -22% 0FF </p><p>$7.76 ($0.65 / Count)</p><a href="https://www.amazon.com/dp/B09Y2KJ2KX?tag=eloabder-20&linkCode=osi&th=1&psc=1">View Product</a></div><div class="product"><a href="https://www.amazon.com/dp/B08698MJWT?tag=eloabder-20&linkCode=osi&th=1&psc=1"><img src="https://m.media-amazon.com/images/I/512N7aYt5oL._SL500_.jpg" alt="Product Image"></a><p>Sharpie S-Note Creative Markers, Pastel Highlighters, Art Marker Set, Assorted Colors, Chisel Tip, 24 Count - School, Home, and Office Use, Teacher Supplies</p><p> -60% 0FF </p><p>$8.83</p><a href="https://www.amazon.com/dp/B08698MJWT?tag=eloabder-20&linkCode=osi&th=1&psc=1">View Product</a></div>
<div class="product"><a href="https://www.amazon.com/dp/B097DPQPYN?tag=eloabder-20&linkCode=osi&th=1&psc=1"><img src="https://m.media-amazon.com/images/I/51nFyQPtfkL._SL500_.jpg" alt="Product Image"></a><p>Sonuimy Pencil Sharpeners, 4 Pcs Pencil Sharpeners Manual,Dual Holes Compact Colored Handheld Pencil Sharpener for Kids with Lid Adults Students School Class Home Office (Covered)</p><p> -13% 0FF </p><p>$4.49</p><a href="https://www.amazon.com/dp/B097DPQPYN?tag=eloabder-20&linkCode=osi&th=1&psc=1">View Product</a></div><div class="product"><a href="https://www.amazon.com/dp/B000MFN1G8?tag=eloabder-20&linkCode=osi&th=1&psc=1"><img src="https://m.media-amazon.com/images/I/41JPflroUEL._SL500_.jpg" alt="Product Image"></a><p>Compact Desktop Electric Pencil Sharpener, Black, Sold as 1 Each</p><p> -21% 0FF </p><p>$15.89</p><a href="https://www.amazon.com/dp/B000MFN1G8?tag=eloabder-20&linkCode=osi&th=1&psc=1">View Product</a></div><div class="product"><a href="https://www.amazon.com/dp/B00125KXGI?tag=eloabder-20&linkCode=osi&th=1&psc=1"><img src="https://m.media-amazon.com/images/I/51avY0bZv6L._SL500_.jpg" alt="Product Image"></a><p>Bostitch Office Personal Electric Pencil Sharpener, Powerful Stall-Free Motor, High Capacity Shavings Tray, Blue</p><p> -13% 0FF </p><p>$17.48</p><a href="https://www.amazon.com/dp/B00125KXGI?tag=eloabder-20&linkCode=osi&th=1&psc=1">View Product</a></div><div class="product"><a href="https://www.amazon.com/dp/B078DZY9Z5?tag=eloabder-20&linkCode=osi&th=1&psc=1"><img src="https://m.media-amazon.com/images/I/41KbUFGrXfL._SL500_.jpg" alt="Product Image"></a><p>JARLINK Electric Pencil Sharpener, Heavy-Duty Helical Blade to Fast Sharpen, Auto Stop for No.2/Colored Pencils(6-8mm), AC Adapter/Battery Operated in School Classroom/Office/Home (Black)</p><p> -21% 0FF </p><p>$16.98</p><a href="https://www.amazon.com/dp/B078DZY9Z5?tag=eloabder-20&linkCode=osi&th=1&psc=1">View Product</a></div><div class="product"><a href="https://www.amazon.com/dp/B08DLXH86D?tag=eloabder-20&linkCode=osi&th=1&psc=1"><img src="https://m.media-amazon.com/images/I/41UghsnBycL._SL500_.jpg" alt="Product Image"></a><p>Aogwat Pencil Sharpener Electric Pencil Sharpener for Kids, Blade to Fast Sharpen, Suitable for No.2/School/Classroom/Office/Home (Black)</p><p> -23% 0FF </p><p>$9.99</p><a href="https://www.amazon.com/dp/B08DLXH86D?tag=eloabder-20&linkCode=osi&th=1&psc=1">View Product</a></div><div class="product"><a href="https://www.amazon.com/dp/B000GP0VIU?tag=eloabder-20&linkCode=osi&th=1&psc=1"><img src="https://m.media-amazon.com/images/I/318OKKSwzbL._SL500_.jpg" alt="Product Image"></a><p>Bostitch Office Wall Mount Manual Pencil Sharpener, Tip Saver, 8 Hole Dial, 6X Longer Cutter Life, Vertical or Horizontal Mounting Black (MPS1-BLK)</p><p> -9% 0FF </p><p>$13.18</p><a href="https://www.amazon.com/dp/B000GP0VIU?tag=eloabder-20&linkCode=osi&th=1&psc=1">View Product</a></div>
<div class="product"><a href="https://www.amazon.com/dp/B00094H4LU?tag=eloabder-20&linkCode=osi&th=1&psc=1"><img src="https://m.media-amazon.com/images/I/41f-fbZYU1L._SL500_.jpg" alt="Product Image"></a><p>Paper Mate Erasers | Pink Pearl Large Erasers 12 Count</p><p> -55% 0FF </p><p>$6.03</p><a href="https://www.amazon.com/dp/B00094H4LU?tag=eloabder-20&linkCode=osi&th=1&psc=1">View Product</a></div><div class="product"><a href="https://www.amazon.com/dp/B07DPVVMWB?tag=eloabder-20&linkCode=osi&th=1&psc=1"><img src="https://m.media-amazon.com/images/I/51wLlsENgiL._SL500_.jpg" alt="Product Image"></a><p>Mr. Pen Erasers for Pencils, 120 Pack, Pencil Top Erasers, Eraser Caps, Cap Tops, Topper Erasers. Ereaser</p><p> -24% 0FF </p><p>$5.95</p><a href="https://www.amazon.com/dp/B07DPVVMWB?tag=eloabder-20&linkCode=osi&th=1&psc=1">View Product</a></div><div class="product"><a href="https://www.amazon.com/dp/B07144DC8V?tag=eloabder-20&linkCode=osi&th=1&psc=1"><img src="https://m.media-amazon.com/images/I/51Ed1+HW9cL._SL500_.jpg" alt="Product Image"></a><p>Pentel Hi-Polymer Block Eraser, White, 10/Box (ZEH10PC10)</p><p> -44% 0FF </p><p>$9.99</p><a href="https://www.amazon.com/dp/B07144DC8V?tag=eloabder-20&linkCode=osi&th=1&psc=1">View Product</a></div><div class="product"><a href="https://www.amazon.com/dp/B0047CT6SE?tag=eloabder-20&linkCode=osi&th=1&psc=1"><img src="https://m.media-amazon.com/images/I/41bhWXKeeiL._SL500_.jpg" alt="Product Image"></a><p>Pentel Clic Retractable Eraser with Grip, 3 Pack</p><p> -29% 0FF </p><p>$4.77</p><a href="https://www.amazon.com/dp/B0047CT6SE?tag=eloabder-20&linkCode=osi&th=1&psc=1">View Product</a></div>
<div class="product"><a href="https://www.amazon.com/dp/B09S9X3HV7?tag=eloabder-20&linkCode=osi&th=1&psc=1"><img src="https://m.media-amazon.com/images/I/51GgMyfl5VL._SL500_.jpg" alt="Product Image"></a><p>Color Transparent Ruler Plastic Rulers - Ruler 12 inch, Kids Ruler for School, Ruler with Centimeters, Millimeter and Inches, Assorted Colors, Clear Rulers, 7 Pack School Rulers</p><p> -16% 0FF </p><p>$5.99</p><a href="https://www.amazon.com/dp/B09S9X3HV7?tag=eloabder-20&linkCode=osi&th=1&psc=1">View Product</a></div><div class="product"><a href="https://www.amazon.com/dp/B06XK9VQM4?tag=eloabder-20&linkCode=osi&th=1&psc=1"><img src="https://m.media-amazon.com/images/I/51Glln3n-nL._SL500_.jpg" alt="Product Image"></a><p>Outus 12 Pack Wood Ruler Bulk for Students Wooden School Rulers Gifts Office Classroom Measuring, 2 Scale, 12 Inch and 30 cm</p><p> -6% 0FF </p><p>$7.99</p><a href="https://www.amazon.com/dp/B06XK9VQM4?tag=eloabder-20&linkCode=osi&th=1&psc=1">View Product</a></div><div class="product"><a href="https://www.amazon.com/dp/B0B5MLTG7J?tag=eloabder-20&linkCode=osi&th=1&psc=1"><img src="https://m.media-amazon.com/images/I/51z9LUxLKmL._SL500_.jpg" alt="Product Image"></a><p>DAGONGREN 30 Pack Clear Plastic Rulers 12 Inch,Transparent Assorted Color Metric Bulk Rulers with Inches and Centimeters,Kids Ruler for School,Home,Office</p><p> -9% 0FF </p><p>$9.99</p><a href="https://www.amazon.com/dp/B0B5MLTG7J?tag=eloabder-20&linkCode=osi&th=1&psc=1">View Product</a></div><div class="product"><a href="https://www.amazon.com/dp/B096MPPF53?tag=eloabder-20&linkCode=osi&th=1&psc=1"><img src="https://m.media-amazon.com/images/I/51qUpElDRcS._SL500_.jpg" alt="Product Image"></a><p>Tenare 1 Set Plastic Clear Math Set Includes Protractor Triangle Rulers 12 Inch 6 Inch Straight Geometry Math Transparent Ruler Measuring Tool for School Office Home Supplies(Clear)</p><p> -25% 0FF </p><p>$5.98</p><a href="https://www.amazon.com/dp/B096MPPF53?tag=eloabder-20&linkCode=osi&th=1&psc=1">View Product</a></div>
<div class="product"><a href="https://www.amazon.com/dp/B07YDDX4JL?tag=eloabder-20&linkCode=osi&th=1&psc=1"><img src="https://m.media-amazon.com/images/I/41oBPZwCRLL._SL500_.jpg" alt="Product Image"></a><p>3-Pack 8" Heavy Duty Scissors with Ultra Sharp Blades and Comfort Grip Handles - For Office, Home, School, Sewing, and Crafts</p><p> -15% 0FF </p><p>$8.49 ($2.83 / Count)</p><a href="https://www.amazon.com/dp/B07YDDX4JL?tag=eloabder-20&linkCode=osi&th=1&psc=1">View Product</a></div><div class="product"><a href="https://www.amazon.com/dp/B01BRGU8R0?tag=eloabder-20&linkCode=osi&th=1&psc=1"><img src="https://m.media-amazon.com/images/I/41ANVra+eNL._SL500_.jpg" alt="Product Image"></a><p>Amazon Basics Stainless Steel Scissors for Office, Crafts, Multipurpose, Sharp, Comfort Grip, PVD Coated, 3 Pack, Multicolor</p><p> -45% 0FF </p><p>$7.55</p><a href="https://www.amazon.com/dp/B01BRGU8R0?tag=eloabder-20&linkCode=osi&th=1&psc=1">View Product</a></div><div class="product"><a href="https://www.amazon.com/dp/B000P0LNRE?tag=eloabder-20&linkCode=osi&th=1&psc=1"><img src="https://m.media-amazon.com/images/I/41fWgMTO0JL._SL500_.jpg" alt="Product Image"></a><p>Westcott 8-Inch Titanium-Bonded Scissors with Adjustable Glide Feature for Office and Home - Gray/Yellow, 2-Pack</p><p> -33% 0FF </p><p>$9.97</p><a href="https://www.amazon.com/dp/B000P0LNRE?tag=eloabder-20&linkCode=osi&th=1&psc=1">View Product</a></div>
<div class="product"><a href="https://www.amazon.com/dp/B074ZRZ4CZ?tag=eloabder-20&linkCode=osi&th=1&psc=1"><img src="https://m.media-amazon.com/images/I/41bu+HKxC2L._SL500_.jpg" alt="Product Image"></a><p>Swingline Commercial Stapler, 20 Sheet Capacity, Jam Free, Metal, 2 Pack, Black (44401AZ)</p><p> -5% 0FF </p><p>$18.98</p><a href="https://www.amazon.com/dp/B074ZRZ4CZ?tag=eloabder-20&linkCode=osi&th=1&psc=1">View Product</a></div><div class="product"><a href="https://www.amazon.com/dp/B001PME62K?tag=eloabder-20&linkCode=osi&th=1&psc=1"><img src="https://m.media-amazon.com/images/I/41gbaJu-3iL._SL500_.jpg" alt="Product Image"></a><p>Swingline Stapler, 40 Sheet Capacity, Optima 40, Jam Free, Reduced Effort, Soft Grip, Metal, Orange and Gray (87845)</p><p> -14% 0FF </p><p>$24.19</p><a href="https://www.amazon.com/dp/B001PME62K?tag=eloabder-20&linkCode=osi&th=1&psc=1">View Product</a></div><div class="product"><a href="https://www.amazon.com/dp/B0D2JBKYM1?tag=eloabder-20&linkCode=osi&th=1&psc=1"><img src="https://m.media-amazon.com/images/I/41zFTU9QpfL._SL500_.jpg" alt="Product Image"></a><p>Bostitch Office Stapler, No-Jam Premium for Desktop, Includes 1,250 Staples, Full-Strip, 25 Sheet Capacity, Black</p><p> -26% 0FF </p><p>$6.99</p><a href="https://www.amazon.com/dp/B0D2JBKYM1?tag=eloabder-20&linkCode=osi&th=1&psc=1">View Product</a></div><div class="product"><a href="https://www.amazon.com/dp/B0CC5GJKM1?tag=eloabder-20&linkCode=osi&th=1&psc=1"><img src="https://m.media-amazon.com/images/I/41JDDoSZQiL._SL500_.jpg" alt="Product Image"></a><p>Metal Stapler Heavy Duty 50 Sheet Capacity with 1750 Staples and Staple Remover, Full Strip Staplers for Desk, No Jam, Non-Slip for Office & Classroom, Black</p><p> -33% 0FF </p><p>$13.29</p><a href="https://www.amazon.com/dp/B0CC5GJKM1?tag=eloabder-20&linkCode=osi&th=1&psc=1">View Product</a></div><div class="product"><a href="https://www.amazon.com/dp/B0006HUQZ6?tag=eloabder-20&linkCode=osi&th=1&psc=1"><img src="https://m.media-amazon.com/images/I/31e-T-f1TGL._SL500_.jpg" alt="Product Image"></a><p>Swingline Stapler, 30 Sheet Capacity, 747 Business Stapler, Jam Free, Metal, Rio Red (74736)</p><p> -23% 0FF </p><p>$15.30</p><a href="https://www.amazon.com/dp/B0006HUQZ6?tag=eloabder-20&linkCode=osi&th=1&psc=1">View Product</a></div>
<div class="product"><a href="https://www.amazon.com/dp/B00J8PJJF0?tag=eloabder-20&linkCode=osi&th=1&psc=1"><img src="https://m.media-amazon.com/images/I/418dc+5ZGkL._SL500_.jpg" alt="Product Image"></a><p>Bostitch Office Premium Standard Staples, 1/4" Full Strip, Box of 5,000 Staples</p><p> -27% 0FF </p><p>$4.39</p><a href="https://www.amazon.com/dp/B00J8PJJF0?tag=eloabder-20&linkCode=osi&th=1&psc=1">View Product</a></div><div class="product"><a href="https://www.amazon.com/dp/B079VYR12V?tag=eloabder-20&linkCode=osi&th=1&psc=1"><img src="https://m.media-amazon.com/images/I/51xAt88vqrL._SL500_.jpg" alt="Product Image"></a><p>Officemate Standard Staples, 10 Boxes General Purpose Staple (91950)</p><p> -10% 0FF </p><p>$14.37</p><a href="https://www.amazon.com/dp/B079VYR12V?tag=eloabder-20&linkCode=osi&th=1&psc=1">View Product</a></div><div class="product"><a href="https://www.amazon.com/dp/B00006IFMQ?tag=eloabder-20&linkCode=osi&th=1&psc=1"><img src="https://m.media-amazon.com/images/I/51UsWZuFq8L._SL500_.jpg" alt="Product Image"></a><p>Bostitch Office B8 PowerCrown 0.25 Inch Staples, Pack of 5,000 Staples (STCRP21151/4), Silver</p><p> -30% 0FF </p><p>$2.33</p><a href="https://www.amazon.com/dp/B00006IFMQ?tag=eloabder-20&linkCode=osi&th=1&psc=1">View Product</a></div>
<div class="product"><a href="https://www.amazon.com/dp/B000J07BRQ?tag=eloabder-20&linkCode=osi&th=1&psc=1"><img src="https://m.media-amazon.com/images/I/51QpJKjajbL._SL500_.jpg" alt="Product Image"></a><p>Scotch Heavy Duty Shipping Packing Tape, Clear, Packing Tape for Moving Boxes and Packaging Supplies, 1.88 in. x 22.2 yd., 6 Roll Dispensers, Moving Supplies</p><p> -35% 0FF </p><p>$12.99</p><a href="https://www.amazon.com/dp/B000J07BRQ?tag=eloabder-20&linkCode=osi&th=1&psc=1">View Product</a></div><div class="product"><a href="https://www.amazon.com/dp/B0000DH8HQ?tag=eloabder-20&linkCode=osi&th=1&psc=1"><img src="https://m.media-amazon.com/images/I/414lAY+087L._SL500_.jpg" alt="Product Image"></a><p>Scotch Magic Tape, Invisible Transparent Tape, 6 Tape Rolls with Dispensers, 3/4 in x 650 in</p><p> -23% 0FF </p><p>$12.34</p><a href="https://www.amazon.com/dp/B0000DH8HQ?tag=eloabder-20&linkCode=osi&th=1&psc=1">View Product</a></div><div class="product"><a href="https://www.amazon.com/dp/B0DQHV6X92?tag=eloabder-20&linkCode=osi&th=1&psc=1"><img src="https://m.media-amazon.com/images/I/51ViCFlgldL._SL500_.jpg" alt="Product Image"></a><p>BeataTap Tape, Invisible Tape, 6 Rolls + 6 Refillable Dispensers, Matte Finish, Writable, 3/4″ x 650″, Transparent Tape, Clear Tape for Gift Wrapping Paper, School Supplies</p><p> -15% 0FF </p><p>$5.94 ($0.99 / Count)</p><a href="https://www.amazon.com/dp/B0DQHV6X92?tag=eloabder-20&linkCode=osi&th=1&psc=1">View Product</a></div><div class="product"><a href="https://www.amazon.com/dp/B07CB6LN5S?tag=eloabder-20&linkCode=osi&th=1&psc=1"><img src="https://m.media-amazon.com/images/I/41NNyeISnjL._SL500_.jpg" alt="Product Image"></a><p>Scotch Super-Hold Tape, 2 Rolls, Transparent Finish, 50% More Adhesive, Trusted Favorite, 3/4 x 600 Inches, Dispensered (198DM-2)</p><p> -30% 0FF </p><p>$5.97</p><a href="https://www.amazon.com/dp/B07CB6LN5S?tag=eloabder-20&linkCode=osi&th=1&psc=1">View Product</a></div><div class="product"><a href="https://www.amazon.com/dp/B00464740A?tag=eloabder-20&linkCode=osi&th=1&psc=1"><img src="https://m.media-amazon.com/images/I/51ZPFoiGfuL._SL500_.jpg" alt="Product Image"></a><p>Scotch Sure Start Shipping Packaging Tape, 1.88" x 22.2 yd, Designed for Packing, Shipping and Mailing, Quiet Unwind, No Splitting or Tearing, 1.5" Core, Clear, 6 Dispensered Rolls (145-6)</p><p> -28% 0FF </p><p>$13.48</p><a href="https://www.amazon.com/dp/B00464740A?tag=eloabder-20&linkCode=osi&th=1&psc=1">View Product</a></div><div class="product"><a href="https://www.amazon.com/dp/B09C6LLG9P?tag=eloabder-20&linkCode=osi&th=1&psc=1"><img src="https://m.media-amazon.com/images/I/41rbv66ZNBL._SL500_.jpg" alt="Product Image"></a><p>Scotch Box Lock Packaging Tape, 1 Roll with Dispenser, 1.88 in x 1000 in, Extreme Grip, Sticks Instantly to Any Box (195L)</p><p> -31% 0FF </p><p>$4.12</p><a href="https://www.amazon.com/dp/B09C6LLG9P?tag=eloabder-20&linkCode=osi&th=1&psc=1">View Product</a></div>
<div class="product"><a href="https://www.amazon.com/dp/B08QQZ71CV?tag=eloabder-20&linkCode=osi&th=1&psc=1"><img src="https://m.media-amazon.com/images/I/51Foz0aGYoS._SL500_.jpg" alt="Product Image"></a><p>Gorilla Super Glue, Clear Glue, Four 3 Gram Tubes (Pack of 1) - All Purpose and Fast Setting for Projects and Repairs</p><p> -25% 0FF </p><p>$9.49 ($22.60 / Ounce)</p><a href="https://www.amazon.com/dp/B08QQZ71CV?tag=eloabder-20&linkCode=osi&th=1&psc=1">View Product</a></div><div class="product"><a href="https://www.amazon.com/dp/B07J6R3GK7?tag=eloabder-20&linkCode=osi&th=1&psc=1"><img src="https://m.media-amazon.com/images/I/31kdOjGBkpL._SL500_.jpg" alt="Product Image"></a><p>Amazon Basics All Purpose Washable School Clear Liquid Glue - Great for Making Slime, 128 fl oz</p><p> -6% 0FF </p><p>$16.13</p><a href="https://www.amazon.com/dp/B07J6R3GK7?tag=eloabder-20&linkCode=osi&th=1&psc=1">View Product</a></div><div class="product"><a href="https://www.amazon.com/dp/B00178QQJ8?tag=eloabder-20&linkCode=osi&th=1&psc=1"><img src="https://m.media-amazon.com/images/I/41zs6k410RL._SL500_.jpg" alt="Product Image"></a><p>Mod Podge Gloss Sealer, Glue & Finish: All-in-One Craft Solution- Quick Dry, Easy Clean, for Wood, Paper, Fabric & More. Non-Toxic - Craft with Confidence, Made in USA, 16 oz., Pack of 1</p><p> -36% 0FF </p><p>$7.99 ($0.50 / Fl Oz)</p><a href="https://www.amazon.com/dp/B00178QQJ8?tag=eloabder-20&linkCode=osi&th=1&psc=1">View Product</a></div><div class="product"><a href="https://www.amazon.com/dp/B073V14DZJ?tag=eloabder-20&linkCode=osi&th=1&psc=1"><img src="https://m.media-amazon.com/images/I/31Iyy5+vk6L._SL500_.jpg" alt="Product Image"></a><p>Amazon Basics All Purpose Washable School Craft Liquid Glue for Making Slime, White, Single Pack, 1 Gallon</p><p> -7% 0FF </p><p>$15.54</p><a href="https://www.amazon.com/dp/B073V14DZJ?tag=eloabder-20&linkCode=osi&th=1&psc=1">View Product</a></div><div class="product"><a href="https://www.amazon.com/dp/B0006HUJCQ?tag=eloabder-20&linkCode=osi&th=1&psc=1"><img src="https://m.media-amazon.com/images/I/511pTqChTCL._SL500_.jpg" alt="Product Image"></a><p>Loctite Super Glue Gel Control, Clear, 0.14 fl oz Bottle, 1 Pack - Superglue for Plastic, Wood, Metal, Crafts & Repair, Cyanoacrylate Adhesive Instant Glue, Quick Dry</p><p> -13% 0FF </p><p>$3.64 ($26.00 / Fl Oz)</p><a href="https://www.amazon.com/dp/B0006HUJCQ?tag=eloabder-20&linkCode=osi&th=1&psc=1">View Product</a></div>
<div class="product"><a href="https://www.amazon.com/dp/B074XTRX7K?tag=eloabder-20&linkCode=osi&th=1&psc=1"><img src="https://m.media-amazon.com/images/I/31rOPIrMfDL._SL500_.jpg" alt="Product Image"></a><p>Amazon Basics Sturdy Binder Clips for Office Use, 96 Count (8 Pack of 12), Medium, 1.25 in, Black</p><p> -26% 0FF </p><p>$7.48</p><a href="https://www.amazon.com/dp/B074XTRX7K?tag=eloabder-20&linkCode=osi&th=1&psc=1">View Product</a></div><div class="product"><a href="https://www.amazon.com/dp/B00TQ8FDB8?tag=eloabder-20&linkCode=osi&th=1&psc=1"><img src="https://m.media-amazon.com/images/I/51y7lUrMLnL._SL500_.jpg" alt="Product Image"></a><p>ACCO Binder Clips, Medium, Black, 12 per Box, 2 Boxes (72062)</p><p> -25% 0FF </p><p>$5.96</p><a href="https://www.amazon.com/dp/B00TQ8FDB8?tag=eloabder-20&linkCode=osi&th=1&psc=1">View Product</a></div><div class="product"><a href="https://www.amazon.com/dp/B08KWCDP3C?tag=eloabder-20&linkCode=osi&th=1&psc=1"><img src="https://m.media-amazon.com/images/I/41qucDz6HuL._SL500_.jpg" alt="Product Image"></a><p>Ufmarine Medium Binder Clips 1.25 inch Length, (40 Pcs) Colorful Paper Clips Medium for Office</p><p> -12% 0FF </p><p>$5.99</p><a href="https://www.amazon.com/dp/B08KWCDP3C?tag=eloabder-20&linkCode=osi&th=1&psc=1">View Product</a></div>
<div class="product"><a href="https://www.amazon.com/dp/B09XQLJFDD?tag=eloabder-20&linkCode=osi&th=1&psc=1"><img src="https://m.media-amazon.com/images/I/41iiSFMy4uL._SL500_.jpg" alt="Product Image"></a><p>PAPERPAL Paperclips for Office School & Personal Use, #1 Nonskid Paper Clip (1-2/7"), 600 Medium Paper Clips (6 Boxes of 100 Each), Silver</p><p> -20% 0FF </p><p>$7.99</p><a href="https://www.amazon.com/dp/B09XQLJFDD?tag=eloabder-20&linkCode=osi&th=1&psc=1">View Product</a></div>

<div class="product"><a href="https://www.amazon.com/dp/B004I2G8NO?tag=eloabder-20&linkCode=osi&th=1&psc=1"><img src="https://m.media-amazon.com/images/I/51WEsLRINGL._SL500_.jpg" alt="Product Image"></a><p>Business Source Rubber Band, Natural (1914LB)</p><p> -26% 0FF </p><p>$4.00</p><a href="https://www.amazon.com/dp/B004I2G8NO?tag=eloabder-20&linkCode=osi&th=1&psc=1">View Product</a></div><div class="product"><a href="https://www.amazon.com/dp/B077GDY1LP?tag=eloabder-20&linkCode=osi&th=1&psc=1"><img src="https://m.media-amazon.com/images/I/41nn0nmNTiL._SL500_.jpg" alt="Product Image"></a><p>ANNIE 1000 RUBBER BANDS 1/2" #BLACK</p><p> -7% 0FF </p><p>$4.90 ($1.22 / Count)</p><a href="https://www.amazon.com/dp/B077GDY1LP?tag=eloabder-20&linkCode=osi&th=1&psc=1">View Product</a></div><div class="product"><a href="https://www.amazon.com/dp/B000783OPI?tag=eloabder-20&linkCode=osi&th=1&psc=1"><img src="https://m.media-amazon.com/images/I/510okXKzMqL._SL500_.jpg" alt="Product Image"></a><p>Universal 00419 19-Size Rubber Bands (335 Per Pack), Beige</p><p> -29% 0FF </p><p>$3.44</p><a href="https://www.amazon.com/dp/B000783OPI?tag=eloabder-20&linkCode=osi&th=1&psc=1">View Product</a></div><div class="product"><a href="https://www.amazon.com/dp/B00006IBRU?tag=eloabder-20&linkCode=osi&th=1&psc=1"><img src="https://m.media-amazon.com/images/I/51pU5khkX8L._SL500_.jpg" alt="Product Image"></a><p>ALL26335 - Alliance Rubber 26335 Advantage Rubber Bands - Size #33, Natural, 1 Pound 3 x 1/8 inches</p><p> -62% 0FF </p><p>$3.29</p><a href="https://www.amazon.com/dp/B00006IBRU?tag=eloabder-20&linkCode=osi&th=1&psc=1">View Product</a></div>
<div class="product"><a href="https://www.amazon.com/dp/B0DSKTZBB6?tag=eloabder-20&linkCode=osi&th=1&psc=1"><img src="https://m.media-amazon.com/images/I/415YD3kNFlL._SL500_.jpg" alt="Product Image"></a><p>300 Count Colored Index Cards 3 x 5 Inch Ruled Index Cards, Flash Cards College Ruled for School, College, Office and Home Organization, Durable Study To Do List Note Cards with Ruled Lines</p><p> -10% 0FF </p><p>$6.29</p><a href="https://www.amazon.com/dp/B0DSKTZBB6?tag=eloabder-20&linkCode=osi&th=1&psc=1">View Product</a></div><div class="product"><a href="https://www.amazon.com/dp/B09JYQZQ3V?tag=eloabder-20&linkCode=osi&th=1&psc=1"><img src="https://m.media-amazon.com/images/I/41y5vfnutuL._SL500_.jpg" alt="Product Image"></a><p>Oxford Index Cards, 3 x 5 Inches, White, Lined on Front, Blank on Back, Flashcards for School and Studying, Recipe Note Cards, 500 Count (5 Packs of 100) (40176)</p><p> -22% 0FF </p><p>$7.01</p><a href="https://www.amazon.com/dp/B09JYQZQ3V?tag=eloabder-20&linkCode=osi&th=1&psc=1">View Product</a></div>
<div class="product"><a href="https://www.amazon.com/dp/B00P9U2EM8?tag=eloabder-20&linkCode=osi&th=1&psc=1"><img src="https://m.media-amazon.com/images/I/41Op5kyIukL._SL500_.jpg" alt="Product Image"></a><p>Mead Spiral Notebook, 6 Pack, 1 Subject, College Ruled Paper, 7-1/2" x 10-1/2", 70 Sheets per Notebook, Colors Will Vary (830062-ECM25)</p><p> -46% 0FF </p><p>$6.71</p><a href="https://www.amazon.com/dp/B00P9U2EM8?tag=eloabder-20&linkCode=osi&th=1&psc=1">View Product</a></div><div class="product"><a href="https://www.amazon.com/dp/B0CQN8FVJX?tag=eloabder-20&linkCode=osi&th=1&psc=1"><img src="https://m.media-amazon.com/images/I/414WVVoGFPL._SL500_.jpg" alt="Product Image"></a><p>SUNEE Spiral Notebooks, 1-Subject, 5 Pack, College Ruled Paper, 8" x 10-1/2", 70 Sheets per Notebook,3-Hole Punched Paper, Pink,Purple, Blue, Green, Yellow Spiral Lined Notebooks for School,Work</p><p> -29% 0FF </p><p>$9.99</p><a href="https://www.amazon.com/dp/B0CQN8FVJX?tag=eloabder-20&linkCode=osi&th=1&psc=1">View Product</a></div><div class="product"><a href="https://www.amazon.com/dp/B08NYRMWZ8?tag=eloabder-20&linkCode=osi&th=1&psc=1"><img src="https://m.media-amazon.com/images/I/41y1cnNXtOL._SL500_.jpg" alt="Product Image"></a><p>Yansanido Spiral Notebook, 4 Pcs 8.3 Inch x 5.9 Inch A5 Thick Plastic Hardcover 8mm Ruled 4 Color 80 Sheets -160 Pages Journals for Study and Notes (style 10-Wine Red,Brown,Green,ivory, A5)</p><p> -23% 0FF </p><p>$9.99</p><a href="https://www.amazon.com/dp/B08NYRMWZ8?tag=eloabder-20&linkCode=osi&th=1&psc=1">View Product</a></div><div class="product"><a href="https://www.amazon.com/dp/B08VF9VYLZ?tag=eloabder-20&linkCode=osi&th=1&psc=1"><img src="https://m.media-amazon.com/images/I/41ktUSmtHAL._SL500_.jpg" alt="Product Image"></a><p>Oxford Spiral Notebooks, 6 Pack, 1 Subject, Wide Ruled Notebooks for School, 8 x 10.5 Inches, 70 Sheets, Assorted Pastel Colors, Back to School Supplies (63757)</p><p> -6% 0FF </p><p>$8.99</p><a href="https://www.amazon.com/dp/B08VF9VYLZ?tag=eloabder-20&linkCode=osi&th=1&psc=1">View Product</a></div>
<div class="product"><a href="https://www.amazon.com/dp/B0FDRCSXZH?tag=eloabder-20&linkCode=osi&th=1&psc=1"><img src="https://m.media-amazon.com/images/I/41rYztS-0zL._SL500_.jpg" alt="Product Image"></a><p>5pcs Small Note Pads, Color Notepads 5x8 College Ruled Notebook, Writing Pads 5 x 8, Legal Pads, Memo Pad Paper Perforate Narrow Ruled Notebooks for Work, School, Office Supplies,30 Sheets/Pack</p><p> -14% 0FF </p><p>$5.99</p><a href="https://www.amazon.com/dp/B0FDRCSXZH?tag=eloabder-20&linkCode=osi&th=1&psc=1">View Product</a></div><div class="product"><a href="https://www.amazon.com/dp/B0BZQNCV62?tag=eloabder-20&linkCode=osi&th=1&psc=1"><img src="https://m.media-amazon.com/images/I/41yNqvqCwoL._SL500_.jpg" alt="Product Image"></a><p>Alitte Legal Notepads 8.5 x 11, Pack of 12 - Perforated Wide Ruled Writing Pad - Premium Thick Paper, No Ink Bleeding - Blank Legal Pads For Home, Office, School, Business - 50 Sheets Per Notebook</p><p> -17% 0FF </p><p>$24.99</p><a href="https://www.amazon.com/dp/B0BZQNCV62?tag=eloabder-20&linkCode=osi&th=1&psc=1">View Product</a></div>

<div class="product"><a href="https://www.amazon.com/dp/B0033J6V3A?tag=eloabder-20&linkCode=osi&th=1&psc=1"><img src="https://m.media-amazon.com/images/I/21o5ASbichL._SL500_.jpg" alt="Product Image"></a><p>NuSparc 2 Drawer Locking Filing Cabinet | Pre-Assembled Steel Construction | Space-Saving Design is Perfect for Home and Small Office | Letter-Size | Assembled in North America</p><p> -14% 0FF </p><p>$76.99</p><a href="https://www.amazon.com/dp/B0033J6V3A?tag=eloabder-20&linkCode=osi&th=1&psc=1">View Product</a></div><div class="product"><a href="https://www.amazon.com/dp/B0D9XYD75W?tag=eloabder-20&linkCode=osi&th=1&psc=1"><img src="https://m.media-amazon.com/images/I/31VM3xK++PL._SL500_.jpg" alt="Product Image"></a><p>BYNSOE 2 Drawer File Cabinet with Lock Vertical Filing Storage Cabinet Office Home Steel Vertical File Cabinets for Letter Size File Cabinet Locked,Assembly Required</p><p> -8% 0FF </p><p>$54.99</p><a href="https://www.amazon.com/dp/B0D9XYD75W?tag=eloabder-20&linkCode=osi&th=1&psc=1">View Product</a></div><div class="product"><a href="https://www.amazon.com/dp/B0989HLF81?tag=eloabder-20&linkCode=osi&th=1&psc=1"><img src="https://m.media-amazon.com/images/I/51vzgnkbcjL._SL500_.jpg" alt="Product Image"></a><p>DEVAISE 3 Drawer Mobile File Cabinet, Wood Lateral Filing Cabinet, Printer Stand with Open Shelves for Home Office, Rustic Brown</p><p> -21% 0FF </p><p>$74.99</p><a href="https://www.amazon.com/dp/B0989HLF81?tag=eloabder-20&linkCode=osi&th=1&psc=1">View Product</a></div>
<div class="product"><a href="https://www.amazon.com/dp/B00006RSQD?tag=eloabder-20&linkCode=osi&th=1&psc=1"><img src="https://m.media-amazon.com/images/I/315rez3KpeL._SL500_.jpg" alt="Product Image"></a><p>Bush Business Furniture Series C 36W Tall 5 Shelf Bookcase in Hansen Cherry, Large Storage and Display Bookshelf for Home or Professional Office</p><p> -8% 0FF </p><p>$239.49</p><a href="https://www.amazon.com/dp/B00006RSQD?tag=eloabder-20&linkCode=osi&th=1&psc=1">View Product</a></div>
<div class="product"><a href="https://www.amazon.com/dp/B09F6JPYSY?tag=eloabder-20&linkCode=osi&th=1&psc=1"><img src="https://m.media-amazon.com/images/I/51fGLH7lhHL._SL500_.jpg" alt="Product Image"></a><p>SPACELEAD Slim Storage Cart 3 Tier,Bathroom Organizer Rolling Utility,Mobile Shelving Unit Slide Out for Office, Kitchen, Laundry Room & Narrow Places,Black</p><p> -30% 0FF </p><p>$20.99</p><a href="https://www.amazon.com/dp/B09F6JPYSY?tag=eloabder-20&linkCode=osi&th=1&psc=1">View Product</a></div><div class="product"><a href="https://www.amazon.com/dp/B08KFTVGQY?tag=eloabder-20&linkCode=osi&th=1&psc=1"><img src="https://m.media-amazon.com/images/I/51BjUEmGaiL._SL500_.jpg" alt="Product Image"></a><p>SONGMICS Cube Storage Organizer, Set of 16 Plastic Cubes, Closet Organizers and Storage, Room Organization, Bedroom Living Room, 12.2 x 48.4 x 48.4 Inches, Rustic Brown ULPC442A01</p><p> -15% 0FF </p><p>$46.99</p><a href="https://www.amazon.com/dp/B08KFTVGQY?tag=eloabder-20&linkCode=osi&th=1&psc=1">View Product</a></div><div class="product"><a href="https://www.amazon.com/dp/B0DG359YX5?tag=eloabder-20&linkCode=osi&th=1&psc=1"><img src="https://m.media-amazon.com/images/I/41OBXL4HJdL._SL500_.jpg" alt="Product Image"></a><p>VIVO Clamp-on 13 inch Above or Below Desk 2-Tier Shelving Unit for Table Accessories, Gaming Devices, and More, Storage Tray, Desktop Organizer, Rustic Vintage Brown, STAND-SHELF2C-N</p><p> -20% 0FF </p><p>$39.99</p><a href="https://www.amazon.com/dp/B0DG359YX5?tag=eloabder-20&linkCode=osi&th=1&psc=1">View Product</a></div><div class="product"><a href="https://www.amazon.com/dp/B0D7S5GGP6?tag=eloabder-20&linkCode=osi&th=1&psc=1"><img src="https://m.media-amazon.com/images/I/51EriWG2BLL._SL500_.jpg" alt="Product Image"></a><p>C&AHOME Wire Cube Storage, 9 - Cube Organizer Metal C Grids, Modular Shelves Units, Closet Organizer, Ideal for Home, Office, Living Room, 36.6”L x 12.4”W x 48.4”H, Silver Gray UWCS3009G</p><p> -33% 0FF </p><p>$28.87</p><a href="https://www.amazon.com/dp/B0D7S5GGP6?tag=eloabder-20&linkCode=osi&th=1&psc=1">View Product</a></div>
<div class="product"><a href="https://www.amazon.com/dp/B0B1M6ML2J?tag=eloabder-20&linkCode=osi&th=1&psc=1"><img src="https://m.media-amazon.com/images/I/51pX2Qo38JL._SL500_.jpg" alt="Product Image"></a><p>WOWBOX 25 PCS Clear Plastic Drawer Organizer Set, 4 Sizes Desk Drawer Divider Organizers and Storage Bins for Makeup, Jewelry, Gadgets for Kitchen, Bedroom, Bathroom, Office</p><p> -35% 0FF </p><p>$16.13 ($0.65 / Count)</p><a href="https://www.amazon.com/dp/B0B1M6ML2J?tag=eloabder-20&linkCode=osi&th=1&psc=1">View Product</a></div><div class="product"><a href="https://www.amazon.com/dp/B0DB8F7GDN?tag=eloabder-20&linkCode=osi&th=1&psc=1"><img src="https://m.media-amazon.com/images/I/51iOtKHzvCL._SL500_.jpg" alt="Product Image"></a><p>OPNICE Desk Organizer and Accessories, 2-Tier Computer Monitor Stand Riser with Drawer and 2 Pen Holders, Laptop Stand, Office Desk Accessories for Office Supplies, Black</p><p> -27% 0FF </p><p>$21.99</p><a href="https://www.amazon.com/dp/B0DB8F7GDN?tag=eloabder-20&linkCode=osi&th=1&psc=1">View Product</a></div><div class="product"><a href="https://www.amazon.com/dp/B0FQ86P4M3?tag=eloabder-20&linkCode=osi&th=1&psc=1"><img src="https://m.media-amazon.com/images/I/41ZDdyGnPxL._SL500_.jpg" alt="Product Image"></a><p>Mind Reader 2-Tier Desk Organizer with Clamp, Accessory Shelf for Office or Gaming, Office, Metal, White</p><p> -5% 0FF </p><p>$37.99</p><a href="https://www.amazon.com/dp/B0FQ86P4M3?tag=eloabder-20&linkCode=osi&th=1&psc=1">View Product</a></div><div class="product"><a href="https://www.amazon.com/dp/B0BYDGF8DT?tag=eloabder-20&linkCode=osi&th=1&psc=1"><img src="https://m.media-amazon.com/images/I/51sE2GzgVNL._SL500_.jpg" alt="Product Image"></a><p>OPNICE Desk Organizer and Accessories, 4-Tier Desktop File Organizer with Drawer and 2 Pen Holders, Office Desk Accessories, Workspace Organizers for Office Supplies(Black)</p><p> -33% 0FF </p><p>$19.99</p><a href="https://www.amazon.com/dp/B0BYDGF8DT?tag=eloabder-20&linkCode=osi&th=1&psc=1">View Product</a></div><div class="product"><a href="https://www.amazon.com/dp/B0DJKSMV2T?tag=eloabder-20&linkCode=osi&th=1&psc=1"><img src="https://m.media-amazon.com/images/I/41gO3CCIg1L._SL500_.jpg" alt="Product Image"></a><p>gianotter Dual Monitor Stand Riser, Desk Organizer With Drawer and 2 Pen Holders, Computer Monitor Stand, Shelf for Top of Desk, Black</p><p> -28% 0FF </p><p>$25.99</p><a href="https://www.amazon.com/dp/B0DJKSMV2T?tag=eloabder-20&linkCode=osi&th=1&psc=1">View Product</a></div><div class="product"><a href="https://www.amazon.com/dp/B0BWTT3WK1?tag=eloabder-20&linkCode=osi&th=1&psc=1"><img src="https://m.media-amazon.com/images/I/51JTe2SjicL._SL500_.jpg" alt="Product Image"></a><p>gianotter Desk Organizers and Accessories with File Holder, 4-Tier Desk Accessories & Workspace Organizers with Drawer and 2 Pen Holder, Paper Organizer for Office Supplies (Rose Gold)</p><p> -27% 0FF </p><p>$23.99</p><a href="https://www.amazon.com/dp/B0BWTT3WK1?tag=eloabder-20&linkCode=osi&th=1&psc=1">View Product</a></div><div class="product"><a href="https://www.amazon.com/dp/B09QKDY1YY?tag=eloabder-20&linkCode=osi&th=1&psc=1"><img src="https://m.media-amazon.com/images/I/519UVM73B6L._SL500_.jpg" alt="Product Image"></a><p>Supeasy 5 Trays Paper Organizer Letter Tray with Handle-Mesh Desk File Organizer, Paper Sorter Desk Organizer for Office, Home or School</p><p> -17% 0FF </p><p>$19.99</p><a href="https://www.amazon.com/dp/B09QKDY1YY?tag=eloabder-20&linkCode=osi&th=1&psc=1">View Product</a></div><div class="product"><a href="https://www.amazon.com/dp/B08PBFKGJG?tag=eloabder-20&linkCode=osi&th=1&psc=1"><img src="https://m.media-amazon.com/images/I/61WfW0WLsqL._SL500_.jpg" alt="Product Image"></a><p>Marbrasse 6 Tier Paper Organizer Letter Tray - Mesh Desk File Organizer with Handle, Paper Sorter Organizer for Letter/A4 Office File Folder Holder - Black</p><p> -23% 0FF </p><p>$19.98</p><a href="https://www.amazon.com/dp/B08PBFKGJG?tag=eloabder-20&linkCode=osi&th=1&psc=1">View Product</a></div><div class="product"><a href="https://www.amazon.com/dp/B09K5927B5?tag=eloabder-20&linkCode=osi&th=1&psc=1"><img src="https://m.media-amazon.com/images/I/51u5tZ4jR6L._SL500_.jpg" alt="Product Image"></a><p>Marbrasse Desk Organizer with File Holder, 5-Tier Paper Letter Tray Organizer with Drawer and 2 Pen Holder, Mesh Desktop Organizer and Storage with Magazine Holder for Office Supplies(Black)</p><p> -24% 0FF </p><p>$33.99</p><a href="https://www.amazon.com/dp/B09K5927B5?tag=eloabder-20&linkCode=osi&th=1&psc=1">View Product</a></div>
<div class="product"><a href="https://www.amazon.com/dp/B0CNXF7SVS?tag=eloabder-20&linkCode=osi&th=1&psc=1"><img src="https://m.media-amazon.com/images/I/51a6EswyTZL._SL500_.jpg" alt="Product Image"></a><p>Manalete Drawer Organizers Set of 15, 4 Sizes Clear Plastic Drawer Organizers and Storage Bins for Kitchen, Bathroom, Office, Dresser Desk Drawer Organizer Tray for Jewelry, Makeup, Junk, Gadgets</p><p> -29% 0FF </p><p>$9.99</p><a href="https://www.amazon.com/dp/B0CNXF7SVS?tag=eloabder-20&linkCode=osi&th=1&psc=1">View Product</a></div><div class="product"><a href="https://www.amazon.com/dp/B0CCY5X6SS?tag=eloabder-20&linkCode=osi&th=1&psc=1"><img src="https://m.media-amazon.com/images/I/41Iye-vPXJL._SL500_.jpg" alt="Product Image"></a><p>Bamboo Drawer Organizer Set, 5 PCS Multi-Use Individual Wood Storage Organizers, Junk Drawer Divider and Storage Trays Containers for Kitchen, Bathroom, Office Desk, Makeup, Jewelry, Utensils</p><p> -20% 0FF </p><p>$19.99 ($4.00 / Count)</p><a href="https://www.amazon.com/dp/B0CCY5X6SS?tag=eloabder-20&linkCode=osi&th=1&psc=1">View Product</a></div><div class="product"><a href="https://www.amazon.com/dp/B0CCDJQ7MM?tag=eloabder-20&linkCode=osi&th=1&psc=1"><img src="https://m.media-amazon.com/images/I/51kU0WJxdsL._SL500_.jpg" alt="Product Image"></a><p>Marbrasse Expandable Desk Drawer Organizer, Mesh Drawer Organizer Tray with 10 Adjustable Compartments, Desk Organizers and Accessories, 5 Dividers Drawer for Office Supplies, Makeup & Vanity (Black)</p><p> -15% 0FF </p><p>$17.84</p><a href="https://www.amazon.com/dp/B0CCDJQ7MM?tag=eloabder-20&linkCode=osi&th=1&psc=1">View Product</a></div><div class="product"><a href="https://www.amazon.com/dp/B0DM27MBZN?tag=eloabder-20&linkCode=osi&th=1&psc=1"><img src="https://m.media-amazon.com/images/I/41hAfSMnrZL._SL500_.jpg" alt="Product Image"></a><p>ElegantArray 12 PCS Drawer Organizer Set, 4 Sizes Storage Drawer Units, Clear Plastic Makeup Vanity Organizer and Storage Bins for Makeup, Stationeries, Multiple Gadgets for Bathroom, Office, Bedroom</p><p> -31% 0FF </p><p>$8.99</p><a href="https://www.amazon.com/dp/B0DM27MBZN?tag=eloabder-20&linkCode=osi&th=1&psc=1">View Product</a></div>
<div class="product"><a href="https://www.amazon.com/dp/B0C4T42TPC?tag=eloabder-20&linkCode=osi&th=1&psc=1"><img src="https://m.media-amazon.com/images/I/318IsyAsPXL._SL500_.jpg" alt="Product Image"></a><p>Adjustable Mobile CPU Stand, Ventilated Computer Tower Stand with 4 Caster Wheels Fits Most PC Tower, Under Desk CPU Holder PC Floor Cart Computer Riser for Gamers and Students (Black)</p><p> -21% 0FF </p><p>$14.21</p><a href="https://www.amazon.com/dp/B0C4T42TPC?tag=eloabder-20&linkCode=osi&th=1&psc=1">View Product</a></div><div class="product"><a href="https://www.amazon.com/dp/B094QTGHNZ?tag=eloabder-20&linkCode=osi&th=1&psc=1"><img src="https://m.media-amazon.com/images/I/31VzBQ+jwWL._SL500_.jpg" alt="Product Image"></a><p>WALI Computer Monitor Stand for Desk, Adjustable Laptop Riser, Desk Monitor Stand Underneath Storage for Office, Home, School Supplies (STT003), 1 Pack, Black</p><p> -32% 0FF </p><p>$16.99</p><a href="https://www.amazon.com/dp/B094QTGHNZ?tag=eloabder-20&linkCode=osi&th=1&psc=1">View Product</a></div><div class="product"><a href="https://www.amazon.com/dp/B07H4DMLVH?tag=eloabder-20&linkCode=osi&th=1&psc=1"><img src="https://m.media-amazon.com/images/I/31eTfKhpSWL._SL500_.jpg" alt="Product Image"></a><p>HUANUO Monitor Stand, Monitor Stand Riser 3 Height Adjustable, Monitor Riser with Airflow Vents, Laptop Stand for Desk, Laptop Riser, Desk Organizer for Monitor, 15.6" Laptop, PC, Printer</p><p> -11% 0FF </p><p>$15.19</p><a href="https://www.amazon.com/dp/B07H4DMLVH?tag=eloabder-20&linkCode=osi&th=1&psc=1">View Product</a></div><div class="product"><a href="https://www.amazon.com/dp/B0D69W6H91?tag=eloabder-20&linkCode=osi&th=1&psc=1"><img src="https://m.media-amazon.com/images/I/51rQI+gi3lL._SL500_.jpg" alt="Product Image"></a><p>JANE EYRE Computer Tower Stand - Adjustable PC Tower Stand CPU Holder Cart with Charging Station for Office Home Classroom,23.03"-28.3" H, black</p><p> -10% 0FF </p><p>$53.99</p><a href="https://www.amazon.com/dp/B0D69W6H91?tag=eloabder-20&linkCode=osi&th=1&psc=1">View Product</a></div><div class="product"><a href="https://www.amazon.com/dp/B0C4T34L9Y?tag=eloabder-20&linkCode=osi&th=1&psc=1"><img src="https://m.media-amazon.com/images/I/51BNMGXNOEL._SL500_.jpg" alt="Product Image"></a><p>BONTEC Wooden Monitor Stand Riser, 2-Tier Desk Shelf with Storage Organizer, Ergonomic Computer Stand with Cable Management, Cellphone Holder, White, 16.5 Inch</p><p> -33% 0FF </p><p>$18.04</p><a href="https://www.amazon.com/dp/B0C4T34L9Y?tag=eloabder-20&linkCode=osi&th=1&psc=1">View Product</a></div><div class="product"><a href="https://www.amazon.com/dp/B08BRCT4JH?tag=eloabder-20&linkCode=osi&th=1&psc=1"><img src="https://m.media-amazon.com/images/I/41Ga6A+cXbL._SL500_.jpg" alt="Product Image"></a><p>BESIGN LS03 Aluminum Laptop Stand, Ergonomic Detachable Computer Stand, Notebook Riser Compatible with Air, Pro, Dell, HP, Lenovo More 10-15.6" Laptops, Silver</p><p> -25% 0FF </p><p>$14.98</p><a href="https://www.amazon.com/dp/B08BRCT4JH?tag=eloabder-20&linkCode=osi&th=1&psc=1">View Product</a></div>
<div class="product"><a href="https://www.amazon.com/dp/B07Q79ZZJ6?tag=eloabder-20&linkCode=osi&th=1&psc=1"><img src="https://m.media-amazon.com/images/I/31-LBzENQIL._SL500_.jpg" alt="Product Image"></a><p>Single LCD Computer Monitor Free-Standing Desk Stand Mount Riser for 13 inch to 32 inch screen with Swivel, Height Adjustable, Rotation, Vesa Base Stand Holds One (1) Screen up to 77Lbs(HT05B-001))</p><p> -34% 0FF </p><p>$21.99</p><a href="https://www.amazon.com/dp/B07Q79ZZJ6?tag=eloabder-20&linkCode=osi&th=1&psc=1">View Product</a></div><div class="product"><a href="https://www.amazon.com/dp/B082845XM8?tag=eloabder-20&linkCode=osi&th=1&psc=1"><img src="https://m.media-amazon.com/images/I/41uRH1B7HgL._SL500_.jpg" alt="Product Image"></a><p>Dual Monitor Stand - Vertical Stack Screen Free-Standing Monitor Riser Fits Two 13 to 34 Inch Screen with Swivel, Tilt, Height Adjustable, Holds One (1) Screen Up to 44Lbs</p><p> -5% 0FF </p><p>$31.56</p><a href="https://www.amazon.com/dp/B082845XM8?tag=eloabder-20&linkCode=osi&th=1&psc=1">View Product</a></div><div class="product"><a href="https://www.amazon.com/dp/B00X4SCCFG?tag=eloabder-20&linkCode=osi&th=1&psc=1"><img src="https://m.media-amazon.com/images/I/21X2klzUZGL._SL500_.jpg" alt="Product Image"></a><p>Amazon Basics Height Adjustable Rectangular Computer Monitor Riser Desk Stand with Storage for Reduced Neck Strain - Fits Monitors, Laptops Up to 22lbs, Black</p><p> -35% 0FF </p><p>$14.06</p><a href="https://www.amazon.com/dp/B00X4SCCFG?tag=eloabder-20&linkCode=osi&th=1&psc=1">View Product</a></div>
<div class="product"><a href="https://www.amazon.com/dp/B07HFDJCSL?tag=eloabder-20&linkCode=osi&th=1&psc=1"><img src="https://m.media-amazon.com/images/I/41DR7qY1naL._SL500_.jpg" alt="Product Image"></a><p>VIVO Large Keyboard Tray Under Desk Pull Out with Extra Sturdy C Clamp Mount System, 27 (33 Including Clamps) x 11 Inch Slide-Out Platform Computer Drawer for Typing, Black, MOUNT-KB05E</p><p> -17% 0FF </p><p>$49.99</p><a href="https://www.amazon.com/dp/B07HFDJCSL?tag=eloabder-20&linkCode=osi&th=1&psc=1">View Product</a></div><div class="product"><a href="https://www.amazon.com/dp/B082NKBM62?tag=eloabder-20&linkCode=osi&th=1&psc=1"><img src="https://m.media-amazon.com/images/I/41qQ3p9-mrL._SL500_.jpg" alt="Product Image"></a><p>HUANUO Keyboard Tray Under Desk, 360 Adjustable Ergonomic Sliding Keyboard & Mouse Tray, Under Desk Keyboard Tray Slide Out, Keyboard Holder Under Desk for Typing in Home, Office Work, 25"W x 9.84"D</p><p> -33% 0FF </p><p>$59.98</p><a href="https://www.amazon.com/dp/B082NKBM62?tag=eloabder-20&linkCode=osi&th=1&psc=1">View Product</a></div><div class="product"><a href="https://www.amazon.com/dp/B0F23GTKHL?tag=eloabder-20&linkCode=osi&th=1&psc=1"><img src="https://m.media-amazon.com/images/I/41dmHoeznDL._SL500_.jpg" alt="Product Image"></a><p>Zontera Ergonomic Mouse & Keyboard Tray Under Desk, Pull Out with Adjustable C-clamp, 20 (25.9 Including Clamps) x 11.8 Inch Slide Out Computer Keyboard Drawer Mouse Tray for Typing, Black</p><p> -7% 0FF </p><p>$25.99</p><a href="https://www.amazon.com/dp/B0F23GTKHL?tag=eloabder-20&linkCode=osi&th=1&psc=1">View Product</a></div><div class="product"><a href="https://www.amazon.com/dp/B01IIGMBVI?tag=eloabder-20&linkCode=osi&th=1&psc=1"><img src="https://m.media-amazon.com/images/I/21Vw8003F0L._SL500_.jpg" alt="Product Image"></a><p>Alera ALE Valencia Series Underdesk Keyboard/Mouse Shelf, 28w x 12d, Black</p><p> -50% 0FF </p><p>$29.22</p><a href="https://www.amazon.com/dp/B01IIGMBVI?tag=eloabder-20&linkCode=osi&th=1&psc=1">View Product</a></div>
<div class="product"><a href="https://www.amazon.com/dp/B07C3XZMC6?tag=eloabder-20&linkCode=osi&th=1&psc=1"><img src="https://m.media-amazon.com/images/I/31Eojf7glwL._SL500_.jpg" alt="Product Image"></a><p>JIKIOU 3 Pack Mouse Pad with Stitched Edge, Comfortable Mouse Pads with Non-Slip Rubber Base, Washable Mousepads Bulk with Comfortable Cloth, Mouse Pads for Computers Laptop Mouse 10.2x8.3inch Black</p><p> -29% 0FF </p><p>$7.99</p><a href="https://www.amazon.com/dp/B07C3XZMC6?tag=eloabder-20&linkCode=osi&th=1&psc=1">View Product</a></div><div class="product"><a href="https://www.amazon.com/dp/B085XRMSTT?tag=eloabder-20&linkCode=osi&th=1&psc=1"><img src="https://m.media-amazon.com/images/I/31aDSI0sFoL._SL500_.jpg" alt="Product Image"></a><p>EooCoo Ergonomic Mouse Pad with Wrist Support, Mousepad with Memory Foam Wrist Rest and Non-Slip Base for Computer, Cafe, Home & Office, 9.64 x 8.26 in Office Desk Accessories</p><p> -36% 0FF </p><p>$6.99</p><a href="https://www.amazon.com/dp/B085XRMSTT?tag=eloabder-20&linkCode=osi&th=1&psc=1">View Product</a></div>
<div class="product"><a href="https://www.amazon.com/dp/B0BRCJL4MM?tag=eloabder-20&linkCode=osi&th=1&psc=1"><img src="https://m.media-amazon.com/images/I/41sggzaNbPL._SL500_.jpg" alt="Product Image"></a><p>Led Desk Lamp for Office Home - Eye Caring Architect lamp with Clamp,Dual Screen Computer Monitor Gooseneck Smart Light: 24W 5 Color Flexible Adjustable Lighting Table Lamp for Study Drafting</p><p> -13% 0FF </p><p>$69.99</p><a href="https://www.amazon.com/dp/B0BRCJL4MM?tag=eloabder-20&linkCode=osi&th=1&psc=1">View Product</a></div><div class="product"><a href="https://www.amazon.com/dp/B0BNHNG5CY?tag=eloabder-20&linkCode=osi&th=1&psc=1"><img src="https://m.media-amazon.com/images/I/51ccmdZe2YL._SL500_.jpg" alt="Product Image"></a><p>Micomlan Led Desk Lamp with Clamp, Architect Desk Lamp for Home Office with Atmosphere Lighting, 24W Ultra Bright Auto Dimming Computer Light Stepless Dimming and Tempering LED Table Light</p><p> -27% 0FF </p><p>$49.99</p><a href="https://www.amazon.com/dp/B0BNHNG5CY?tag=eloabder-20&linkCode=osi&th=1&psc=1">View Product</a></div><div class="product"><a href="https://www.amazon.com/dp/B078W61H9P?tag=eloabder-20&linkCode=osi&th=1&psc=1"><img src="https://m.media-amazon.com/images/I/31aebwb3nqL._SL500_.jpg" alt="Product Image"></a><p>LEPOWER Metal Desk Lamp, Eye-Caring Table Lamp, Study Lamps with Flexible Goose Neck for Bedroom, Home Office (Matte Black)</p><p> -24% 0FF </p><p>$24.99</p><a href="https://www.amazon.com/dp/B078W61H9P?tag=eloabder-20&linkCode=osi&th=1&psc=1">View Product</a></div><div class="product"><a href="https://www.amazon.com/dp/B0D1DLY4H4?tag=eloabder-20&linkCode=osi&th=1&psc=1"><img src="https://m.media-amazon.com/images/I/41sKiuSIwRL._SL500_.jpg" alt="Product Image"></a><p>SKYLEO Led Desk Lamp - Desk Light for 31.5" Tall - 5 Color Modes X 11 Brightness Levels - Adjustable Swing Arm - Timmer & Memory Function - 12W Lamp for Desk - Black</p><p> -23% 0FF </p><p>$19.99</p><a href="https://www.amazon.com/dp/B0D1DLY4H4?tag=eloabder-20&linkCode=osi&th=1&psc=1">View Product</a></div><div class="product"><a href="https://www.amazon.com/dp/B0D2LGK82V?tag=eloabder-20&linkCode=osi&th=1&psc=1"><img src="https://m.media-amazon.com/images/I/41UpQ-qygDL._SL500_.jpg" alt="Product Image"></a><p>Addtam LED Desk Lamp, Power Strip with 3 Outlets 4 USB Charging Ports(2 USBC), 4 Modes 5 Level Brightness Touch Lamp, Small Desk Lamp for Home Office College Dorm Room Essentials</p><p> -23% 0FF </p><p>$16.99</p><a href="https://www.amazon.com/dp/B0D2LGK82V?tag=eloabder-20&linkCode=osi&th=1&psc=1">View Product</a></div><div class="product"><a href="https://www.amazon.com/dp/B08LMTQ7ZF?tag=eloabder-20&linkCode=osi&th=1&psc=1"><img src="https://m.media-amazon.com/images/I/21vKPX2KHML._SL500_.jpg" alt="Product Image"></a><p>Lepro LED Desk Lamp for Home Office, 9.5W 750LM Metal Touch Control Desk Light, 5 Color Modes 5 Brightness Level, Eye Caring Task Lamp For Reading, Sewing, Crafts, School Supplies, Puzzle Light, Black</p><p> -13% 0FF </p><p>$24.99</p><a href="https://www.amazon.com/dp/B08LMTQ7ZF?tag=eloabder-20&linkCode=osi&th=1&psc=1">View Product</a></div>
<div class="product"><a href="https://www.amazon.com/dp/B0D7BXNDP4?tag=eloabder-20&linkCode=osi&th=1&psc=1"><img src="https://m.media-amazon.com/images/I/41DuEunZ1+L._SL500_.jpg" alt="Product Image"></a><p>Monitor Fan with Clamp & Light Bar Desk Lamp with fan for Office mini Desk fan small quiet with lamp for PC Laptops Tablet for Home Office Portable Working Reading Stand Lamp</p><p> -5% 0FF </p><p>$15.19</p><a href="https://www.amazon.com/dp/B0D7BXNDP4?tag=eloabder-20&linkCode=osi&th=1&psc=1">View Product</a></div><div class="product"><a href="https://www.amazon.com/dp/B07K1D41DC?tag=eloabder-20&linkCode=osi&th=1&psc=1"><img src="https://m.media-amazon.com/images/I/310MAouNV-L._SL500_.jpg" alt="Product Image"></a><p>OttLite Cool Breeze LED Lamp with Bladeless Fan - 3 Speed Options & 5 Brightness Settings with Energy Efficient Natural Daylight LEDs - Desktop, Table or Nightstand Lamp for Studying or Reading</p><p> -14% 0FF </p><p>$89.98</p><a href="https://www.amazon.com/dp/B07K1D41DC?tag=eloabder-20&linkCode=osi&th=1&psc=1">View Product</a></div>
<div class="product"><a href="https://www.amazon.com/dp/B0CXSXL1F2?tag=eloabder-20&linkCode=osi&th=1&psc=1"><img src="https://m.media-amazon.com/images/I/41H6cndt7iL._SL500_.jpg" alt="Product Image"></a><p>9 Pack Lined Sticky Notes 4x6 in Post Sticky Notes with Lines, 9 Bright Colors Self Sticky Notes Pad Its, Large Ruled Sticky Note for Office, Home, 35 Sheets/Pad</p><p> -33% 0FF </p><p>$7.99</p><a href="https://www.amazon.com/dp/B0CXSXL1F2?tag=eloabder-20&linkCode=osi&th=1&psc=1">View Product</a></div><div class="product"><a href="https://www.amazon.com/dp/B019QROV9S?tag=eloabder-20&linkCode=osi&th=1&psc=1"><img src="https://m.media-amazon.com/images/I/51OsStyntzL._SL500_.jpg" alt="Product Image"></a><p>Sharpie Clear View Highlighter Sticks, Chisel Tip, Assorted Fluorescent, 8 Count - School, Home, and Office Use, Teacher Supplies</p><p> -23% 0FF </p><p>$13.86</p><a href="https://www.amazon.com/dp/B019QROV9S?tag=eloabder-20&linkCode=osi&th=1&psc=1">View Product</a></div>
<div class="product"><a href="https://www.amazon.com/dp/B082PN4X5J?tag=eloabder-20&linkCode=osi&th=1&psc=1"><img src="https://m.media-amazon.com/images/I/51o+eA8g6nL._SL500_.jpg" alt="Product Image"></a><p>Sharpie S-Gel Gel Pens, Black Barrel, Medium Point (0.7mm), Black Gel Ink Pens, 12 Count - Home, Office, School, Journaling, Writing, Note-Taking, Teacher Supplies</p><p> -14% 0FF </p><p>$11.97</p><a href="https://www.amazon.com/dp/B082PN4X5J?tag=eloabder-20&linkCode=osi&th=1&psc=1">View Product</a></div><div class="product"><a href="https://www.amazon.com/dp/B0C9W8DD9S?tag=eloabder-20&linkCode=osi&th=1&psc=1"><img src="https://m.media-amazon.com/images/I/41mdSvEwNZL._SL500_.jpg" alt="Product Image"></a><p>Ddaowanx Gel Pens, 6 Pcs 0.5mm Quick Dry Black Ink Pens Fine Point Smooth Writing Pens, Cute Office School Supplies Gifts for Women</p><p> -10% 0FF </p><p>$8.99</p><a href="https://www.amazon.com/dp/B0C9W8DD9S?tag=eloabder-20&linkCode=osi&th=1&psc=1">View Product</a></div><div class="product"><a href="https://www.amazon.com/dp/B019QBOG3U?tag=eloabder-20&linkCode=osi&th=1&psc=1"><img src="https://m.media-amazon.com/images/I/416PjSebDoL._SL500_.jpg" alt="Product Image"></a><p>Paper Mate Colorful Gel Pens - InkJoy Gel Pens Assorted Medium Point (0.7). Perfect for Vibrant Colored Writing and Sketching with Paper Mate InkJoy 14 Count</p><p> -18% 0FF </p><p>$10.31</p><a href="https://www.amazon.com/dp/B019QBOG3U?tag=eloabder-20&linkCode=osi&th=1&psc=1">View Product</a></div><div class="product"><a href="https://www.amazon.com/dp/B0C73JDN4S?tag=eloabder-20&linkCode=osi&th=1&psc=1"><img src="https://m.media-amazon.com/images/I/51DJUUxL7HL._SL500_.jpg" alt="Product Image"></a><p>Linbsunne Ballpoint Pens Black Medium Point 1mm Pen with Super Soft Grip Ball Point Pen for Men Women Retractable Pens (gold-12 pcs)</p><p> -10% 0FF </p><p>$8.99</p><a href="https://www.amazon.com/dp/B0C73JDN4S?tag=eloabder-20&linkCode=osi&th=1&psc=1">View Product</a></div><div class="product"><a href="https://www.amazon.com/dp/B001OTA66O?tag=eloabder-20&linkCode=osi&th=1&psc=1"><img src="https://m.media-amazon.com/images/I/41yS5tBZQLL._SL500_.jpg" alt="Product Image"></a><p>BIC Glide Black Retractable Ballpoint Pens, Medium Point (1.0mm), 4-Count Pack, Ultra Smooth Writing Black Pens</p><p> -40% 0FF </p><p>$2.99</p><a href="https://www.amazon.com/dp/B001OTA66O?tag=eloabder-20&linkCode=osi&th=1&psc=1">View Product</a></div>
<div class="product"><a href="https://www.amazon.com/dp/B002HVXXCW?tag=eloabder-20&linkCode=osi&th=1&psc=1"><img src="https://m.media-amazon.com/images/I/41JeEedXCeL._SL500_.jpg" alt="Product Image"></a><p>Ticonderoga Wood-Cased Pencils, Pre-Sharpened, 2 HB Soft, Yellow, 10 Count</p><p> -58% 0FF </p><p>$2.49</p><a href="https://www.amazon.com/dp/B002HVXXCW?tag=eloabder-20&linkCode=osi&th=1&psc=1">View Product</a></div><div class="product"><a href="https://www.amazon.com/dp/B077Q4B6YN?tag=eloabder-20&linkCode=osi&th=1&psc=1"><img src="https://m.media-amazon.com/images/I/4160YcHGDNL._SL500_.jpg" alt="Product Image"></a><p>Paper Mate 2017483 Mechanical Pencils for Handwriting, Triangular, 5/PK, AST</p><p> -45% 0FF </p><p>$3.47</p><a href="https://www.amazon.com/dp/B077Q4B6YN?tag=eloabder-20&linkCode=osi&th=1&psc=1">View Product</a></div>
<div class="product"><a href="https://www.amazon.com/dp/B0D7YTZNRF?tag=eloabder-20&linkCode=osi&th=1&psc=1"><img src="https://m.media-amazon.com/images/I/41hSbSlNAmL._SL500_.jpg" alt="Product Image"></a><p>YASNAY Alcohol Markers, 48 Colors Dual Tip Art Marker, Drawing Markers, Coloring Marker for Kids Sketching Adult Coloring</p><p> -27% 0FF </p><p>$10.99</p><a href="https://www.amazon.com/dp/B0D7YTZNRF?tag=eloabder-20&linkCode=osi&th=1&psc=1">View Product</a></div><div class="product"><a href="https://www.amazon.com/dp/B07CJ8QXF8?tag=eloabder-20&linkCode=osi&th=1&psc=1"><img src="https://m.media-amazon.com/images/I/51bChi4-H4L._SL500_.jpg" alt="Product Image"></a><p>Dual Markers Brush Pens, 36 Fine Point Art Marker, Double Tip Colored Pen for Adult Coloring Hand Lettering, School Classroom Art Suppliers</p><p> -20% 0FF </p><p>$7.98</p><a href="https://www.amazon.com/dp/B07CJ8QXF8?tag=eloabder-20&linkCode=osi&th=1&psc=1">View Product</a></div><div class="product"><a href="https://www.amazon.com/dp/B071CP6X88?tag=eloabder-20&linkCode=osi&th=1&psc=1"><img src="https://m.media-amazon.com/images/I/41sNeEYkTNL._SL500_.jpg" alt="Product Image"></a><p>Crayola Super Tips Marker Set for Kids (100ct), Broad Tip & Fine Point Washable Art Markers for Kids, Bulk School Supplies, Teacher Classroom Must Haves, Drawing Supplies</p><p> -19% 0FF </p><p>$16.29</p><a href="https://www.amazon.com/dp/B071CP6X88?tag=eloabder-20&linkCode=osi&th=1&psc=1">View Product</a></div><div class="product"><a href="https://www.amazon.com/dp/B08MBFPFCQ?tag=eloabder-20&linkCode=osi&th=1&psc=1"><img src="https://m.media-amazon.com/images/I/51DaGL7Z4oL._SL500_.jpg" alt="Product Image"></a><p>Sharpie Permanent Markers Variety Pack, Includes Chisel, Fine, and Ultra-Fine Tips, Marker Set, Writing, Coloring, Poster, Office, School Supplies, Black, 6 Count</p><p> -19% 0FF </p><p>$4.63 ($0.77 / Count)</p><a href="https://www.amazon.com/dp/B08MBFPFCQ?tag=eloabder-20&linkCode=osi&th=1&psc=1">View Product</a></div>
<div class="product"><a href="https://www.amazon.com/dp/B09Y2KJ2KX?tag=eloabder-20&linkCode=osi&th=1&psc=1"><img src="https://m.media-amazon.com/images/I/41EhQr7suML._SL500_.jpg" alt="Product Image"></a><p>Sharpie Pocket Highlighters, Mild Pastel Colors, Assorted, Chisel Tip, 12 Count - School, Home, and Office Use, Teacher Supplies</p><p> -22% 0FF </p><p>$7.76 ($0.65 / Count)</p><a href="https://www.amazon.com/dp/B09Y2KJ2KX?tag=eloabder-20&linkCode=osi&th=1&psc=1">View Product</a></div><div class="product"><a href="https://www.amazon.com/dp/B08698MJWT?tag=eloabder-20&linkCode=osi&th=1&psc=1"><img src="https://m.media-amazon.com/images/I/512N7aYt5oL._SL500_.jpg" alt="Product Image"></a><p>Sharpie S-Note Creative Markers, Pastel Highlighters, Art Marker Set, Assorted Colors, Chisel Tip, 24 Count - School, Home, and Office Use, Teacher Supplies</p><p> -60% 0FF </p><p>$8.83</p><a href="https://www.amazon.com/dp/B08698MJWT?tag=eloabder-20&linkCode=osi&th=1&psc=1">View Product</a></div>
<div class="product"><a href="https://www.amazon.com/dp/B097DPQPYN?tag=eloabder-20&linkCode=osi&th=1&psc=1"><img src="https://m.media-amazon.com/images/I/51nFyQPtfkL._SL500_.jpg" alt="Product Image"></a><p>Sonuimy Pencil Sharpeners, 4 Pcs Pencil Sharpeners Manual,Dual Holes Compact Colored Handheld Pencil Sharpener for Kids with Lid Adults Students School Class Home Office (Covered)</p><p> -13% 0FF </p><p>$4.49</p><a href="https://www.amazon.com/dp/B097DPQPYN?tag=eloabder-20&linkCode=osi&th=1&psc=1">View Product</a></div><div class="product"><a href="https://www.amazon.com/dp/B000MFN1G8?tag=eloabder-20&linkCode=osi&th=1&psc=1"><img src="https://m.media-amazon.com/images/I/41JPflroUEL._SL500_.jpg" alt="Product Image"></a><p>Compact Desktop Electric Pencil Sharpener, Black, Sold as 1 Each</p><p> -21% 0FF </p><p>$15.89</p><a href="https://www.amazon.com/dp/B000MFN1G8?tag=eloabder-20&linkCode=osi&th=1&psc=1">View Product</a></div><div class="product"><a href="https://www.amazon.com/dp/B00125KXGI?tag=eloabder-20&linkCode=osi&th=1&psc=1"><img src="https://m.media-amazon.com/images/I/51avY0bZv6L._SL500_.jpg" alt="Product Image"></a><p>Bostitch Office Personal Electric Pencil Sharpener, Powerful Stall-Free Motor, High Capacity Shavings Tray, Blue</p><p> -13% 0FF </p><p>$17.48</p><a href="https://www.amazon.com/dp/B00125KXGI?tag=eloabder-20&linkCode=osi&th=1&psc=1">View Product</a></div><div class="product"><a href="https://www.amazon.com/dp/B078DZY9Z5?tag=eloabder-20&linkCode=osi&th=1&psc=1"><img src="https://m.media-amazon.com/images/I/41KbUFGrXfL._SL500_.jpg" alt="Product Image"></a><p>JARLINK Electric Pencil Sharpener, Heavy-Duty Helical Blade to Fast Sharpen, Auto Stop for No.2/Colored Pencils(6-8mm), AC Adapter/Battery Operated in School Classroom/Office/Home (Black)</p><p> -21% 0FF </p><p>$16.98</p><a href="https://www.amazon.com/dp/B078DZY9Z5?tag=eloabder-20&linkCode=osi&th=1&psc=1">View Product</a></div><div class="product"><a href="https://www.amazon.com/dp/B08DLXH86D?tag=eloabder-20&linkCode=osi&th=1&psc=1"><img src="https://m.media-amazon.com/images/I/41UghsnBycL._SL500_.jpg" alt="Product Image"></a><p>Aogwat Pencil Sharpener Electric Pencil Sharpener for Kids, Blade to Fast Sharpen, Suitable for No.2/School/Classroom/Office/Home (Black)</p><p> -23% 0FF </p><p>$9.99</p><a href="https://www.amazon.com/dp/B08DLXH86D?tag=eloabder-20&linkCode=osi&th=1&psc=1">View Product</a></div><div class="product"><a href="https://www.amazon.com/dp/B000GP0VIU?tag=eloabder-20&linkCode=osi&th=1&psc=1"><img src="https://m.media-amazon.com/images/I/318OKKSwzbL._SL500_.jpg" alt="Product Image"></a><p>Bostitch Office Wall Mount Manual Pencil Sharpener, Tip Saver, 8 Hole Dial, 6X Longer Cutter Life, Vertical or Horizontal Mounting Black (MPS1-BLK)</p><p> -9% 0FF </p><p>$13.18</p><a href="https://www.amazon.com/dp/B000GP0VIU?tag=eloabder-20&linkCode=osi&th=1&psc=1">View Product</a></div>
<div class="product"><a href="https://www.amazon.com/dp/B00094H4LU?tag=eloabder-20&linkCode=osi&th=1&psc=1"><img src="https://m.media-amazon.com/images/I/41f-fbZYU1L._SL500_.jpg" alt="Product Image"></a><p>Paper Mate Erasers | Pink Pearl Large Erasers 12 Count</p><p> -55% 0FF </p><p>$6.03</p><a href="https://www.amazon.com/dp/B00094H4LU?tag=eloabder-20&linkCode=osi&th=1&psc=1">View Product</a></div><div class="product"><a href="https://www.amazon.com/dp/B07DPVVMWB?tag=eloabder-20&linkCode=osi&th=1&psc=1"><img src="https://m.media-amazon.com/images/I/51wLlsENgiL._SL500_.jpg" alt="Product Image"></a><p>Mr. Pen Erasers for Pencils, 120 Pack, Pencil Top Erasers, Eraser Caps, Cap Tops, Topper Erasers. Ereaser</p><p> -24% 0FF </p><p>$5.95</p><a href="https://www.amazon.com/dp/B07DPVVMWB?tag=eloabder-20&linkCode=osi&th=1&psc=1">View Product</a></div><div class="product"><a href="https://www.amazon.com/dp/B07144DC8V?tag=eloabder-20&linkCode=osi&th=1&psc=1"><img src="https://m.media-amazon.com/images/I/51Ed1+HW9cL._SL500_.jpg" alt="Product Image"></a><p>Pentel Hi-Polymer Block Eraser, White, 10/Box (ZEH10PC10)</p><p> -44% 0FF </p><p>$9.99</p><a href="https://www.amazon.com/dp/B07144DC8V?tag=eloabder-20&linkCode=osi&th=1&psc=1">View Product</a></div><div class="product"><a href="https://www.amazon.com/dp/B0047CT6SE?tag=eloabder-20&linkCode=osi&th=1&psc=1"><img src="https://m.media-amazon.com/images/I/41bhWXKeeiL._SL500_.jpg" alt="Product Image"></a><p>Pentel Clic Retractable Eraser with Grip, 3 Pack</p><p> -29% 0FF </p><p>$4.77</p><a href="https://www.amazon.com/dp/B0047CT6SE?tag=eloabder-20&linkCode=osi&th=1&psc=1">View Product</a></div>
<div class="product"><a href="https://www.amazon.com/dp/B09S9X3HV7?tag=eloabder-20&linkCode=osi&th=1&psc=1"><img src="https://m.media-amazon.com/images/I/51GgMyfl5VL._SL500_.jpg" alt="Product Image"></a><p>Color Transparent Ruler Plastic Rulers - Ruler 12 inch, Kids Ruler for School, Ruler with Centimeters, Millimeter and Inches, Assorted Colors, Clear Rulers, 7 Pack School Rulers</p><p> -16% 0FF </p><p>$5.99</p><a href="https://www.amazon.com/dp/B09S9X3HV7?tag=eloabder-20&linkCode=osi&th=1&psc=1">View Product</a></div><div class="product"><a href="https://www.amazon.com/dp/B06XK9VQM4?tag=eloabder-20&linkCode=osi&th=1&psc=1"><img src="https://m.media-amazon.com/images/I/51Glln3n-nL._SL500_.jpg" alt="Product Image"></a><p>Outus 12 Pack Wood Ruler Bulk for Students Wooden School Rulers Gifts Office Classroom Measuring, 2 Scale, 12 Inch and 30 cm</p><p> -6% 0FF </p><p>$7.99</p><a href="https://www.amazon.com/dp/B06XK9VQM4?tag=eloabder-20&linkCode=osi&th=1&psc=1">View Product</a></div><div class="product"><a href="https://www.amazon.com/dp/B0B5MLTG7J?tag=eloabder-20&linkCode=osi&th=1&psc=1"><img src="https://m.media-amazon.com/images/I/51z9LUxLKmL._SL500_.jpg" alt="Product Image"></a><p>DAGONGREN 30 Pack Clear Plastic Rulers 12 Inch,Transparent Assorted Color Metric Bulk Rulers with Inches and Centimeters,Kids Ruler for School,Home,Office</p><p> -9% 0FF </p><p>$9.99</p><a href="https://www.amazon.com/dp/B0B5MLTG7J?tag=eloabder-20&linkCode=osi&th=1&psc=1">View Product</a></div><div class="product"><a href="https://www.amazon.com/dp/B096MPPF53?tag=eloabder-20&linkCode=osi&th=1&psc=1"><img src="https://m.media-amazon.com/images/I/51qUpElDRcS._SL500_.jpg" alt="Product Image"></a><p>Tenare 1 Set Plastic Clear Math Set Includes Protractor Triangle Rulers 12 Inch 6 Inch Straight Geometry Math Transparent Ruler Measuring Tool for School Office Home Supplies(Clear)</p><p> -25% 0FF </p><p>$5.98</p><a href="https://www.amazon.com/dp/B096MPPF53?tag=eloabder-20&linkCode=osi&th=1&psc=1">View Product</a></div>
<div class="product"><a href="https://www.amazon.com/dp/B07YDDX4JL?tag=eloabder-20&linkCode=osi&th=1&psc=1"><img src="https://m.media-amazon.com/images/I/41oBPZwCRLL._SL500_.jpg" alt="Product Image"></a><p>3-Pack 8" Heavy Duty Scissors with Ultra Sharp Blades and Comfort Grip Handles - For Office, Home, School, Sewing, and Crafts</p><p> -15% 0FF </p><p>$8.49 ($2.83 / Count)</p><a href="https://www.amazon.com/dp/B07YDDX4JL?tag=eloabder-20&linkCode=osi&th=1&psc=1">View Product</a></div><div class="product"><a href="https://www.amazon.com/dp/B01BRGU8R0?tag=eloabder-20&linkCode=osi&th=1&psc=1"><img src="https://m.media-amazon.com/images/I/41ANVra+eNL._SL500_.jpg" alt="Product Image"></a><p>Amazon Basics Stainless Steel Scissors for Office, Crafts, Multipurpose, Sharp, Comfort Grip, PVD Coated, 3 Pack, Multicolor</p><p> -45% 0FF </p><p>$7.55</p><a href="https://www.amazon.com/dp/B01BRGU8R0?tag=eloabder-20&linkCode=osi&th=1&psc=1">View Product</a></div><div class="product"><a href="https://www.amazon.com/dp/B000P0LNRE?tag=eloabder-20&linkCode=osi&th=1&psc=1"><img src="https://m.media-amazon.com/images/I/41fWgMTO0JL._SL500_.jpg" alt="Product Image"></a><p>Westcott 8-Inch Titanium-Bonded Scissors with Adjustable Glide Feature for Office and Home - Gray/Yellow, 2-Pack</p><p> -33% 0FF </p><p>$9.97</p><a href="https://www.amazon.com/dp/B000P0LNRE?tag=eloabder-20&linkCode=osi&th=1&psc=1">View Product</a></div>
<div class="product"><a href="https://www.amazon.com/dp/B074ZRZ4CZ?tag=eloabder-20&linkCode=osi&th=1&psc=1"><img src="https://m.media-amazon.com/images/I/41bu+HKxC2L._SL500_.jpg" alt="Product Image"></a><p>Swingline Commercial Stapler, 20 Sheet Capacity, Jam Free, Metal, 2 Pack, Black (44401AZ)</p><p> -5% 0FF </p><p>$18.98</p><a href="https://www.amazon.com/dp/B074ZRZ4CZ?tag=eloabder-20&linkCode=osi&th=1&psc=1">View Product</a></div><div class="product"><a href="https://www.amazon.com/dp/B001PME62K?tag=eloabder-20&linkCode=osi&th=1&psc=1"><img src="https://m.media-amazon.com/images/I/41gbaJu-3iL._SL500_.jpg" alt="Product Image"></a><p>Swingline Stapler, 40 Sheet Capacity, Optima 40, Jam Free, Reduced Effort, Soft Grip, Metal, Orange and Gray (87845)</p><p> -14% 0FF </p><p>$24.19</p><a href="https://www.amazon.com/dp/B001PME62K?tag=eloabder-20&linkCode=osi&th=1&psc=1">View Product</a></div><div class="product"><a href="https://www.amazon.com/dp/B0D2JBKYM1?tag=eloabder-20&linkCode=osi&th=1&psc=1"><img src="https://m.media-amazon.com/images/I/41zFTU9QpfL._SL500_.jpg" alt="Product Image"></a><p>Bostitch Office Stapler, No-Jam Premium for Desktop, Includes 1,250 Staples, Full-Strip, 25 Sheet Capacity, Black</p><p> -26% 0FF </p><p>$6.99</p><a href="https://www.amazon.com/dp/B0D2JBKYM1?tag=eloabder-20&linkCode=osi&th=1&psc=1">View Product</a></div><div class="product"><a href="https://www.amazon.com/dp/B0CC5GJKM1?tag=eloabder-20&linkCode=osi&th=1&psc=1"><img src="https://m.media-amazon.com/images/I/41JDDoSZQiL._SL500_.jpg" alt="Product Image"></a><p>Metal Stapler Heavy Duty 50 Sheet Capacity with 1750 Staples and Staple Remover, Full Strip Staplers for Desk, No Jam, Non-Slip for Office & Classroom, Black</p><p> -33% 0FF </p><p>$13.29</p><a href="https://www.amazon.com/dp/B0CC5GJKM1?tag=eloabder-20&linkCode=osi&th=1&psc=1">View Product</a></div><div class="product"><a href="https://www.amazon.com/dp/B0006HUQZ6?tag=eloabder-20&linkCode=osi&th=1&psc=1"><img src="https://m.media-amazon.com/images/I/31e-T-f1TGL._SL500_.jpg" alt="Product Image"></a><p>Swingline Stapler, 30 Sheet Capacity, 747 Business Stapler, Jam Free, Metal, Rio Red (74736)</p><p> -23% 0FF </p><p>$15.30</p><a href="https://www.amazon.com/dp/B0006HUQZ6?tag=eloabder-20&linkCode=osi&th=1&psc=1">View Product</a></div>
<div class="product"><a href="https://www.amazon.com/dp/B00J8PJJF0?tag=eloabder-20&linkCode=osi&th=1&psc=1"><img src="https://m.media-amazon.com/images/I/418dc+5ZGkL._SL500_.jpg" alt="Product Image"></a><p>Bostitch Office Premium Standard Staples, 1/4" Full Strip, Box of 5,000 Staples</p><p> -27% 0FF </p><p>$4.39</p><a href="https://www.amazon.com/dp/B00J8PJJF0?tag=eloabder-20&linkCode=osi&th=1&psc=1">View Product</a></div><div class="product"><a href="https://www.amazon.com/dp/B079VYR12V?tag=eloabder-20&linkCode=osi&th=1&psc=1"><img src="https://m.media-amazon.com/images/I/51xAt88vqrL._SL500_.jpg" alt="Product Image"></a><p>Officemate Standard Staples, 10 Boxes General Purpose Staple (91950)</p><p> -10% 0FF </p><p>$14.37</p><a href="https://www.amazon.com/dp/B079VYR12V?tag=eloabder-20&linkCode=osi&th=1&psc=1">View Product</a></div><div class="product"><a href="https://www.amazon.com/dp/B00006IFMQ?tag=eloabder-20&linkCode=osi&th=1&psc=1"><img src="https://m.media-amazon.com/images/I/51UsWZuFq8L._SL500_.jpg" alt="Product Image"></a><p>Bostitch Office B8 PowerCrown 0.25 Inch Staples, Pack of 5,000 Staples (STCRP21151/4), Silver</p><p> -30% 0FF </p><p>$2.33</p><a href="https://www.amazon.com/dp/B00006IFMQ?tag=eloabder-20&linkCode=osi&th=1&psc=1">View Product</a></div>
<div class="product"><a href="https://www.amazon.com/dp/B000J07BRQ?tag=eloabder-20&linkCode=osi&th=1&psc=1"><img src="https://m.media-amazon.com/images/I/51QpJKjajbL._SL500_.jpg" alt="Product Image"></a><p>Scotch Heavy Duty Shipping Packing Tape, Clear, Packing Tape for Moving Boxes and Packaging Supplies, 1.88 in. x 22.2 yd., 6 Roll Dispensers, Moving Supplies</p><p> -35% 0FF </p><p>$12.99</p><a href="https://www.amazon.com/dp/B000J07BRQ?tag=eloabder-20&linkCode=osi&th=1&psc=1">View Product</a></div><div class="product"><a href="https://www.amazon.com/dp/B0000DH8HQ?tag=eloabder-20&linkCode=osi&th=1&psc=1"><img src="https://m.media-amazon.com/images/I/414lAY+087L._SL500_.jpg" alt="Product Image"></a><p>Scotch Magic Tape, Invisible Transparent Tape, 6 Tape Rolls with Dispensers, 3/4 in x 650 in</p><p> -23% 0FF </p><p>$12.34</p><a href="https://www.amazon.com/dp/B0000DH8HQ?tag=eloabder-20&linkCode=osi&th=1&psc=1">View Product</a></div><div class="product"><a href="https://www.amazon.com/dp/B0DQHV6X92?tag=eloabder-20&linkCode=osi&th=1&psc=1"><img src="https://m.media-amazon.com/images/I/51ViCFlgldL._SL500_.jpg" alt="Product Image"></a><p>BeataTap Tape, Invisible Tape, 6 Rolls + 6 Refillable Dispensers, Matte Finish, Writable, 3/4″ x 650″, Transparent Tape, Clear Tape for Gift Wrapping Paper, School Supplies</p><p> -15% 0FF </p><p>$5.94 ($0.99 / Count)</p><a href="https://www.amazon.com/dp/B0DQHV6X92?tag=eloabder-20&linkCode=osi&th=1&psc=1">View Product</a></div><div class="product"><a href="https://www.amazon.com/dp/B07CB6LN5S?tag=eloabder-20&linkCode=osi&th=1&psc=1"><img src="https://m.media-amazon.com/images/I/41NNyeISnjL._SL500_.jpg" alt="Product Image"></a><p>Scotch Super-Hold Tape, 2 Rolls, Transparent Finish, 50% More Adhesive, Trusted Favorite, 3/4 x 600 Inches, Dispensered (198DM-2)</p><p> -30% 0FF </p><p>$5.97</p><a href="https://www.amazon.com/dp/B07CB6LN5S?tag=eloabder-20&linkCode=osi&th=1&psc=1">View Product</a></div><div class="product"><a href="https://www.amazon.com/dp/B00464740A?tag=eloabder-20&linkCode=osi&th=1&psc=1"><img src="https://m.media-amazon.com/images/I/51ZPFoiGfuL._SL500_.jpg" alt="Product Image"></a><p>Scotch Sure Start Shipping Packaging Tape, 1.88" x 22.2 yd, Designed for Packing, Shipping and Mailing, Quiet Unwind, No Splitting or Tearing, 1.5" Core, Clear, 6 Dispensered Rolls (145-6)</p><p> -28% 0FF </p><p>$13.48</p><a href="https://www.amazon.com/dp/B00464740A?tag=eloabder-20&linkCode=osi&th=1&psc=1">View Product</a></div><div class="product"><a href="https://www.amazon.com/dp/B09C6LLG9P?tag=eloabder-20&linkCode=osi&th=1&psc=1"><img src="https://m.media-amazon.com/images/I/41rbv66ZNBL._SL500_.jpg" alt="Product Image"></a><p>Scotch Box Lock Packaging Tape, 1 Roll with Dispenser, 1.88 in x 1000 in, Extreme Grip, Sticks Instantly to Any Box (195L)</p><p> -31% 0FF </p><p>$4.12</p><a href="https://www.amazon.com/dp/B09C6LLG9P?tag=eloabder-20&linkCode=osi&th=1&psc=1">View Product</a></div>
<div class="product"><a href="https://www.amazon.com/dp/B08QQZ71CV?tag=eloabder-20&linkCode=osi&th=1&psc=1"><img src="https://m.media-amazon.com/images/I/51Foz0aGYoS._SL500_.jpg" alt="Product Image"></a><p>Gorilla Super Glue, Clear Glue, Four 3 Gram Tubes (Pack of 1) - All Purpose and Fast Setting for Projects and Repairs</p><p> -25% 0FF </p><p>$9.49 ($22.60 / Ounce)</p><a href="https://www.amazon.com/dp/B08QQZ71CV?tag=eloabder-20&linkCode=osi&th=1&psc=1">View Product</a></div><div class="product"><a href="https://www.amazon.com/dp/B07J6R3GK7?tag=eloabder-20&linkCode=osi&th=1&psc=1"><img src="https://m.media-amazon.com/images/I/31kdOjGBkpL._SL500_.jpg" alt="Product Image"></a><p>Amazon Basics All Purpose Washable School Clear Liquid Glue - Great for Making Slime, 128 fl oz</p><p> -6% 0FF </p><p>$16.13</p><a href="https://www.amazon.com/dp/B07J6R3GK7?tag=eloabder-20&linkCode=osi&th=1&psc=1">View Product</a></div><div class="product"><a href="https://www.amazon.com/dp/B00178QQJ8?tag=eloabder-20&linkCode=osi&th=1&psc=1"><img src="https://m.media-amazon.com/images/I/41zs6k410RL._SL500_.jpg" alt="Product Image"></a><p>Mod Podge Gloss Sealer, Glue & Finish: All-in-One Craft Solution- Quick Dry, Easy Clean, for Wood, Paper, Fabric & More. Non-Toxic - Craft with Confidence, Made in USA, 16 oz., Pack of 1</p><p> -36% 0FF </p><p>$7.99 ($0.50 / Fl Oz)</p><a href="https://www.amazon.com/dp/B00178QQJ8?tag=eloabder-20&linkCode=osi&th=1&psc=1">View Product</a></div><div class="product"><a href="https://www.amazon.com/dp/B073V14DZJ?tag=eloabder-20&linkCode=osi&th=1&psc=1"><img src="https://m.media-amazon.com/images/I/31Iyy5+vk6L._SL500_.jpg" alt="Product Image"></a><p>Amazon Basics All Purpose Washable School Craft Liquid Glue for Making Slime, White, Single Pack, 1 Gallon</p><p> -7% 0FF </p><p>$15.54</p><a href="https://www.amazon.com/dp/B073V14DZJ?tag=eloabder-20&linkCode=osi&th=1&psc=1">View Product</a></div><div class="product"><a href="https://www.amazon.com/dp/B0006HUJCQ?tag=eloabder-20&linkCode=osi&th=1&psc=1"><img src="https://m.media-amazon.com/images/I/511pTqChTCL._SL500_.jpg" alt="Product Image"></a><p>Loctite Super Glue Gel Control, Clear, 0.14 fl oz Bottle, 1 Pack - Superglue for Plastic, Wood, Metal, Crafts & Repair, Cyanoacrylate Adhesive Instant Glue, Quick Dry</p><p> -13% 0FF </p><p>$3.64 ($26.00 / Fl Oz)</p><a href="https://www.amazon.com/dp/B0006HUJCQ?tag=eloabder-20&linkCode=osi&th=1&psc=1">View Product</a></div>
<div class="product"><a href="https://www.amazon.com/dp/B074XTRX7K?tag=eloabder-20&linkCode=osi&th=1&psc=1"><img src="https://m.media-amazon.com/images/I/31rOPIrMfDL._SL500_.jpg" alt="Product Image"></a><p>Amazon Basics Sturdy Binder Clips for Office Use, 96 Count (8 Pack of 12), Medium, 1.25 in, Black</p><p> -26% 0FF </p><p>$7.48</p><a href="https://www.amazon.com/dp/B074XTRX7K?tag=eloabder-20&linkCode=osi&th=1&psc=1">View Product</a></div><div class="product"><a href="https://www.amazon.com/dp/B00TQ8FDB8?tag=eloabder-20&linkCode=osi&th=1&psc=1"><img src="https://m.media-amazon.com/images/I/51y7lUrMLnL._SL500_.jpg" alt="Product Image"></a><p>ACCO Binder Clips, Medium, Black, 12 per Box, 2 Boxes (72062)</p><p> -25% 0FF </p><p>$5.96</p><a href="https://www.amazon.com/dp/B00TQ8FDB8?tag=eloabder-20&linkCode=osi&th=1&psc=1">View Product</a></div><div class="product"><a href="https://www.amazon.com/dp/B08KWCDP3C?tag=eloabder-20&linkCode=osi&th=1&psc=1"><img src="https://m.media-amazon.com/images/I/41qucDz6HuL._SL500_.jpg" alt="Product Image"></a><p>Ufmarine Medium Binder Clips 1.25 inch Length, (40 Pcs) Colorful Paper Clips Medium for Office</p><p> -12% 0FF </p><p>$5.99</p><a href="https://www.amazon.com/dp/B08KWCDP3C?tag=eloabder-20&linkCode=osi&th=1&psc=1">View Product</a></div>
<div class="product"><a href="https://www.amazon.com/dp/B09XQLJFDD?tag=eloabder-20&linkCode=osi&th=1&psc=1"><img src="https://m.media-amazon.com/images/I/41iiSFMy4uL._SL500_.jpg" alt="Product Image"></a><p>PAPERPAL Paperclips for Office School & Personal Use, #1 Nonskid Paper Clip (1-2/7"), 600 Medium Paper Clips (6 Boxes of 100 Each), Silver</p><p> -20% 0FF </p><p>$7.99</p><a href="https://www.amazon.com/dp/B09XQLJFDD?tag=eloabder-20&linkCode=osi&th=1&psc=1">View Product</a></div>

<div class="product"><a href="https://www.amazon.com/dp/B004I2G8NO?tag=eloabder-20&linkCode=osi&th=1&psc=1"><img src="https://m.media-amazon.com/images/I/51WEsLRINGL._SL500_.jpg" alt="Product Image"></a><p>Business Source Rubber Band, Natural (1914LB)</p><p> -26% 0FF </p><p>$4.00</p><a href="https://www.amazon.com/dp/B004I2G8NO?tag=eloabder-20&linkCode=osi&th=1&psc=1">View Product</a></div><div class="product"><a href="https://www.amazon.com/dp/B077GDY1LP?tag=eloabder-20&linkCode=osi&th=1&psc=1"><img src="https://m.media-amazon.com/images/I/41nn0nmNTiL._SL500_.jpg" alt="Product Image"></a><p>ANNIE 1000 RUBBER BANDS 1/2" #BLACK</p><p> -7% 0FF </p><p>$4.90 ($1.22 / Count)</p><a href="https://www.amazon.com/dp/B077GDY1LP?tag=eloabder-20&linkCode=osi&th=1&psc=1">View Product</a></div><div class="product"><a href="https://www.amazon.com/dp/B000783OPI?tag=eloabder-20&linkCode=osi&th=1&psc=1"><img src="https://m.media-amazon.com/images/I/510okXKzMqL._SL500_.jpg" alt="Product Image"></a><p>Universal 00419 19-Size Rubber Bands (335 Per Pack), Beige</p><p> -29% 0FF </p><p>$3.44</p><a href="https://www.amazon.com/dp/B000783OPI?tag=eloabder-20&linkCode=osi&th=1&psc=1">View Product</a></div><div class="product"><a href="https://www.amazon.com/dp/B00006IBRU?tag=eloabder-20&linkCode=osi&th=1&psc=1"><img src="https://m.media-amazon.com/images/I/51pU5khkX8L._SL500_.jpg" alt="Product Image"></a><p>ALL26335 - Alliance Rubber 26335 Advantage Rubber Bands - Size #33, Natural, 1 Pound 3 x 1/8 inches</p><p> -62% 0FF </p><p>$3.29</p><a href="https://www.amazon.com/dp/B00006IBRU?tag=eloabder-20&linkCode=osi&th=1&psc=1">View Product</a></div>
<div class="product"><a href="https://www.amazon.com/dp/B0DSKTZBB6?tag=eloabder-20&linkCode=osi&th=1&psc=1"><img src="https://m.media-amazon.com/images/I/415YD3kNFlL._SL500_.jpg" alt="Product Image"></a><p>300 Count Colored Index Cards 3 x 5 Inch Ruled Index Cards, Flash Cards College Ruled for School, College, Office and Home Organization, Durable Study To Do List Note Cards with Ruled Lines</p><p> -10% 0FF </p><p>$6.29</p><a href="https://www.amazon.com/dp/B0DSKTZBB6?tag=eloabder-20&linkCode=osi&th=1&psc=1">View Product</a></div><div class="product"><a href="https://www.amazon.com/dp/B09JYQZQ3V?tag=eloabder-20&linkCode=osi&th=1&psc=1"><img src="https://m.media-amazon.com/images/I/41y5vfnutuL._SL500_.jpg" alt="Product Image"></a><p>Oxford Index Cards, 3 x 5 Inches, White, Lined on Front, Blank on Back, Flashcards for School and Studying, Recipe Note Cards, 500 Count (5 Packs of 100) (40176)</p><p> -22% 0FF </p><p>$7.01</p><a href="https://www.amazon.com/dp/B09JYQZQ3V?tag=eloabder-20&linkCode=osi&th=1&psc=1">View Product</a></div>
<div class="product"><a href="https://www.amazon.com/dp/B00P9U2EM8?tag=eloabder-20&linkCode=osi&th=1&psc=1"><img src="https://m.media-amazon.com/images/I/41Op5kyIukL._SL500_.jpg" alt="Product Image"></a><p>Mead Spiral Notebook, 6 Pack, 1 Subject, College Ruled Paper, 7-1/2" x 10-1/2", 70 Sheets per Notebook, Colors Will Vary (830062-ECM25)</p><p> -46% 0FF </p><p>$6.71</p><a href="https://www.amazon.com/dp/B00P9U2EM8?tag=eloabder-20&linkCode=osi&th=1&psc=1">View Product</a></div><div class="product"><a href="https://www.amazon.com/dp/B0CQN8FVJX?tag=eloabder-20&linkCode=osi&th=1&psc=1"><img src="https://m.media-amazon.com/images/I/414WVVoGFPL._SL500_.jpg" alt="Product Image"></a><p>SUNEE Spiral Notebooks, 1-Subject, 5 Pack, College Ruled Paper, 8" x 10-1/2", 70 Sheets per Notebook,3-Hole Punched Paper, Pink,Purple, Blue, Green, Yellow Spiral Lined Notebooks for School,Work</p><p> -29% 0FF </p><p>$9.99</p><a href="https://www.amazon.com/dp/B0CQN8FVJX?tag=eloabder-20&linkCode=osi&th=1&psc=1">View Product</a></div><div class="product"><a href="https://www.amazon.com/dp/B08NYRMWZ8?tag=eloabder-20&linkCode=osi&th=1&psc=1"><img src="https://m.media-amazon.com/images/I/41y1cnNXtOL._SL500_.jpg" alt="Product Image"></a><p>Yansanido Spiral Notebook, 4 Pcs 8.3 Inch x 5.9 Inch A5 Thick Plastic Hardcover 8mm Ruled 4 Color 80 Sheets -160 Pages Journals for Study and Notes (style 10-Wine Red,Brown,Green,ivory, A5)</p><p> -23% 0FF </p><p>$9.99</p><a href="https://www.amazon.com/dp/B08NYRMWZ8?tag=eloabder-20&linkCode=osi&th=1&psc=1">View Product</a></div><div class="product"><a href="https://www.amazon.com/dp/B08VF9VYLZ?tag=eloabder-20&linkCode=osi&th=1&psc=1"><img src="https://m.media-amazon.com/images/I/41ktUSmtHAL._SL500_.jpg" alt="Product Image"></a><p>Oxford Spiral Notebooks, 6 Pack, 1 Subject, Wide Ruled Notebooks for School, 8 x 10.5 Inches, 70 Sheets, Assorted Pastel Colors, Back to School Supplies (63757)</p><p> -6% 0FF </p><p>$8.99</p><a href="https://www.amazon.com/dp/B08VF9VYLZ?tag=eloabder-20&linkCode=osi&th=1&psc=1">View Product</a></div>
<div class="product"><a href="https://www.amazon.com/dp/B0FDRCSXZH?tag=eloabder-20&linkCode=osi&th=1&psc=1"><img src="https://m.media-amazon.com/images/I/41rYztS-0zL._SL500_.jpg" alt="Product Image"></a><p>5pcs Small Note Pads, Color Notepads 5x8 College Ruled Notebook, Writing Pads 5 x 8, Legal Pads, Memo Pad Paper Perforate Narrow Ruled Notebooks for Work, School, Office Supplies,30 Sheets/Pack</p><p> -14% 0FF </p><p>$5.99</p><a href="https://www.amazon.com/dp/B0FDRCSXZH?tag=eloabder-20&linkCode=osi&th=1&psc=1">View Product</a></div><div class="product"><a href="https://www.amazon.com/dp/B0BZQNCV62?tag=eloabder-20&linkCode=osi&th=1&psc=1"><img src="https://m.media-amazon.com/images/I/41yNqvqCwoL._SL500_.jpg" alt="Product Image"></a><p>Alitte Legal Notepads 8.5 x 11, Pack of 12 - Perforated Wide Ruled Writing Pad - Premium Thick Paper, No Ink Bleeding - Blank Legal Pads For Home, Office, School, Business - 50 Sheets Per Notebook</p><p> -17% 0FF </p><p>$24.99</p><a href="https://www.amazon.com/dp/B0BZQNCV62?tag=eloabder-20&linkCode=osi&th=1&psc=1">View Product</a></div>
<div class="product"><a href="https://www.amazon.com/dp/B0C7S1PCX4?tag=eloabder-20&linkCode=osi&th=1&psc=1"><img src="https://m.media-amazon.com/images/I/41nVRBg2klL._SL500_.jpg" alt="Product Image"></a><p>Oxford 8.5 x 11 Legal Pads, 12 Pack, Wide Ruled, Yellow Paper, 50 Sheets Per Writing Pad, Made in the USA (74020)</p><p> -30% 0FF </p><p>$12.60</p><a href="https://www.amazon.com/dp/B0C7S1PCX4?tag=eloabder-20&linkCode=osi&th=1&psc=1">View Product</a></div><div class="product"><a href="https://www.amazon.com/dp/B0CGF22134?tag=eloabder-20&linkCode=osi&th=1&psc=1"><img src="https://m.media-amazon.com/images/I/41FzLgeXAyL._SL500_.jpg" alt="Product Image"></a><p>MSKKSM Legal Pads 8.5 x 11, 3 Pack Yellow Note Pads 8.5 x 11 Writing Pads, Wide Ruled Legal Notepads, Lined Pads of Paper Yellow Paper Pads, 30 Sheets Per Notepad for School, Home, Office, Business</p><p> -17% 0FF </p><p>$9.99</p><a href="https://www.amazon.com/dp/B0CGF22134?tag=eloabder-20&linkCode=osi&th=1&psc=1">View Product</a></div><div class="product"><a href="https://www.amazon.com/dp/B0FCMWHFC2?tag=eloabder-20&linkCode=osi&th=1&psc=1"><img src="https://m.media-amazon.com/images/I/41MMVFB-S4L._SL500_.jpg" alt="Product Image"></a><p>5pcs Legal Pads 8.5 x 11, Notepads 8.5 x 11 Inch, Color Note Pads Clear Print Writing Pads of Paper, Memo Pads , Perforate Legal Notepads Paper , Wide Ruled Lined with Sturdy Back,30 Sheets/Pack</p><p> -8% 0FF </p><p>$11.99</p><a href="https://www.amazon.com/dp/B0FCMWHFC2?tag=eloabder-20&linkCode=osi&th=1&psc=1">View Product</a></div>

<div class="product"><a href="https://www.amazon.com/dp/B0033J6V3A?tag=eloabder-20&linkCode=osi&th=1&psc=1"><img src="https://m.media-amazon.com/images/I/21o5ASbichL._SL500_.jpg" alt="Product Image"></a><p>NuSparc 2 Drawer Locking Filing Cabinet | Pre-Assembled Steel Construction | Space-Saving Design is Perfect for Home and Small Office | Letter-Size | Assembled in North America</p><p> -14% 0FF </p><p>$76.99</p><a href="https://www.amazon.com/dp/B0033J6V3A?tag=eloabder-20&linkCode=osi&th=1&psc=1">View Product</a></div><div class="product"><a href="https://www.amazon.com/dp/B0D9XYD75W?tag=eloabder-20&linkCode=osi&th=1&psc=1"><img src="https://m.media-amazon.com/images/I/31VM3xK++PL._SL500_.jpg" alt="Product Image"></a><p>BYNSOE 2 Drawer File Cabinet with Lock Vertical Filing Storage Cabinet Office Home Steel Vertical File Cabinets for Letter Size File Cabinet Locked,Assembly Required</p><p> -8% 0FF </p><p>$54.99</p><a href="https://www.amazon.com/dp/B0D9XYD75W?tag=eloabder-20&linkCode=osi&th=1&psc=1">View Product</a></div><div class="product"><a href="https://www.amazon.com/dp/B0989HLF81?tag=eloabder-20&linkCode=osi&th=1&psc=1"><img src="https://m.media-amazon.com/images/I/51vzgnkbcjL._SL500_.jpg" alt="Product Image"></a><p>DEVAISE 3 Drawer Mobile File Cabinet, Wood Lateral Filing Cabinet, Printer Stand with Open Shelves for Home Office, Rustic Brown</p><p> -21% 0FF </p><p>$74.99</p><a href="https://www.amazon.com/dp/B0989HLF81?tag=eloabder-20&linkCode=osi&th=1&psc=1">View Product</a></div>
<div class="product"><a href="https://www.amazon.com/dp/B00006RSQD?tag=eloabder-20&linkCode=osi&th=1&psc=1"><img src="https://m.media-amazon.com/images/I/315rez3KpeL._SL500_.jpg" alt="Product Image"></a><p>Bush Business Furniture Series C 36W Tall 5 Shelf Bookcase in Hansen Cherry, Large Storage and Display Bookshelf for Home or Professional Office</p><p> -8% 0FF </p><p>$239.49</p><a href="https://www.amazon.com/dp/B00006RSQD?tag=eloabder-20&linkCode=osi&th=1&psc=1">View Product</a></div>
<div class="product"><a href="https://www.amazon.com/dp/B09F6JPYSY?tag=eloabder-20&linkCode=osi&th=1&psc=1"><img src="https://m.media-amazon.com/images/I/51fGLH7lhHL._SL500_.jpg" alt="Product Image"></a><p>SPACELEAD Slim Storage Cart 3 Tier,Bathroom Organizer Rolling Utility,Mobile Shelving Unit Slide Out for Office, Kitchen, Laundry Room & Narrow Places,Black</p><p> -30% 0FF </p><p>$20.99</p><a href="https://www.amazon.com/dp/B09F6JPYSY?tag=eloabder-20&linkCode=osi&th=1&psc=1">View Product</a></div><div class="product"><a href="https://www.amazon.com/dp/B08KFTVGQY?tag=eloabder-20&linkCode=osi&th=1&psc=1"><img src="https://m.media-amazon.com/images/I/51BjUEmGaiL._SL500_.jpg" alt="Product Image"></a><p>SONGMICS Cube Storage Organizer, Set of 16 Plastic Cubes, Closet Organizers and Storage, Room Organization, Bedroom Living Room, 12.2 x 48.4 x 48.4 Inches, Rustic Brown ULPC442A01</p><p> -15% 0FF </p><p>$46.99</p><a href="https://www.amazon.com/dp/B08KFTVGQY?tag=eloabder-20&linkCode=osi&th=1&psc=1">View Product</a></div><div class="product"><a href="https://www.amazon.com/dp/B0DG359YX5?tag=eloabder-20&linkCode=osi&th=1&psc=1"><img src="https://m.media-amazon.com/images/I/41OBXL4HJdL._SL500_.jpg" alt="Product Image"></a><p>VIVO Clamp-on 13 inch Above or Below Desk 2-Tier Shelving Unit for Table Accessories, Gaming Devices, and More, Storage Tray, Desktop Organizer, Rustic Vintage Brown, STAND-SHELF2C-N</p><p> -20% 0FF </p><p>$39.99</p><a href="https://www.amazon.com/dp/B0DG359YX5?tag=eloabder-20&linkCode=osi&th=1&psc=1">View Product</a></div><div class="product"><a href="https://www.amazon.com/dp/B0D7S5GGP6?tag=eloabder-20&linkCode=osi&th=1&psc=1"><img src="https://m.media-amazon.com/images/I/51EriWG2BLL._SL500_.jpg" alt="Product Image"></a><p>C&AHOME Wire Cube Storage, 9 - Cube Organizer Metal C Grids, Modular Shelves Units, Closet Organizer, Ideal for Home, Office, Living Room, 36.6”L x 12.4”W x 48.4”H, Silver Gray UWCS3009G</p><p> -33% 0FF </p><p>$28.87</p><a href="https://www.amazon.com/dp/B0D7S5GGP6?tag=eloabder-20&linkCode=osi&th=1&psc=1">View Product</a></div>
<div class="product"><a href="https://www.amazon.com/dp/B0B1M6ML2J?tag=eloabder-20&linkCode=osi&th=1&psc=1"><img src="https://m.media-amazon.com/images/I/51pX2Qo38JL._SL500_.jpg" alt="Product Image"></a><p>WOWBOX 25 PCS Clear Plastic Drawer Organizer Set, 4 Sizes Desk Drawer Divider Organizers and Storage Bins for Makeup, Jewelry, Gadgets for Kitchen, Bedroom, Bathroom, Office</p><p> -35% 0FF </p><p>$16.13 ($0.65 / Count)</p><a href="https://www.amazon.com/dp/B0B1M6ML2J?tag=eloabder-20&linkCode=osi&th=1&psc=1">View Product</a></div><div class="product"><a href="https://www.amazon.com/dp/B0DB8F7GDN?tag=eloabder-20&linkCode=osi&th=1&psc=1"><img src="https://m.media-amazon.com/images/I/51iOtKHzvCL._SL500_.jpg" alt="Product Image"></a><p>OPNICE Desk Organizer and Accessories, 2-Tier Computer Monitor Stand Riser with Drawer and 2 Pen Holders, Laptop Stand, Office Desk Accessories for Office Supplies, Black</p><p> -27% 0FF </p><p>$21.99</p><a href="https://www.amazon.com/dp/B0DB8F7GDN?tag=eloabder-20&linkCode=osi&th=1&psc=1">View Product</a></div><div class="product"><a href="https://www.amazon.com/dp/B0FQ86P4M3?tag=eloabder-20&linkCode=osi&th=1&psc=1"><img src="https://m.media-amazon.com/images/I/41ZDdyGnPxL._SL500_.jpg" alt="Product Image"></a><p>Mind Reader 2-Tier Desk Organizer with Clamp, Accessory Shelf for Office or Gaming, Office, Metal, White</p><p> -5% 0FF </p><p>$37.99</p><a href="https://www.amazon.com/dp/B0FQ86P4M3?tag=eloabder-20&linkCode=osi&th=1&psc=1">View Product</a></div><div class="product"><a href="https://www.amazon.com/dp/B0BYDGF8DT?tag=eloabder-20&linkCode=osi&th=1&psc=1"><img src="https://m.media-amazon.com/images/I/51sE2GzgVNL._SL500_.jpg" alt="Product Image"></a><p>OPNICE Desk Organizer and Accessories, 4-Tier Desktop File Organizer with Drawer and 2 Pen Holders, Office Desk Accessories, Workspace Organizers for Office Supplies(Black)</p><p> -33% 0FF </p><p>$19.99</p><a href="https://www.amazon.com/dp/B0BYDGF8DT?tag=eloabder-20&linkCode=osi&th=1&psc=1">View Product</a></div><div class="product"><a href="https://www.amazon.com/dp/B0DJKSMV2T?tag=eloabder-20&linkCode=osi&th=1&psc=1"><img src="https://m.media-amazon.com/images/I/41gO3CCIg1L._SL500_.jpg" alt="Product Image"></a><p>gianotter Dual Monitor Stand Riser, Desk Organizer With Drawer and 2 Pen Holders, Computer Monitor Stand, Shelf for Top of Desk, Black</p><p> -28% 0FF </p><p>$25.99</p><a href="https://www.amazon.com/dp/B0DJKSMV2T?tag=eloabder-20&linkCode=osi&th=1&psc=1">View Product</a></div><div class="product"><a href="https://www.amazon.com/dp/B0BWTT3WK1?tag=eloabder-20&linkCode=osi&th=1&psc=1"><img src="https://m.media-amazon.com/images/I/51JTe2SjicL._SL500_.jpg" alt="Product Image"></a><p>gianotter Desk Organizers and Accessories with File Holder, 4-Tier Desk Accessories & Workspace Organizers with Drawer and 2 Pen Holder, Paper Organizer for Office Supplies (Rose Gold)</p><p> -27% 0FF </p><p>$23.99</p><a href="https://www.amazon.com/dp/B0BWTT3WK1?tag=eloabder-20&linkCode=osi&th=1&psc=1">View Product</a></div><div class="product"><a href="https://www.amazon.com/dp/B09QKDY1YY?tag=eloabder-20&linkCode=osi&th=1&psc=1"><img src="https://m.media-amazon.com/images/I/519UVM73B6L._SL500_.jpg" alt="Product Image"></a><p>Supeasy 5 Trays Paper Organizer Letter Tray with Handle-Mesh Desk File Organizer, Paper Sorter Desk Organizer for Office, Home or School</p><p> -17% 0FF </p><p>$19.99</p><a href="https://www.amazon.com/dp/B09QKDY1YY?tag=eloabder-20&linkCode=osi&th=1&psc=1">View Product</a></div><div class="product"><a href="https://www.amazon.com/dp/B08PBFKGJG?tag=eloabder-20&linkCode=osi&th=1&psc=1"><img src="https://m.media-amazon.com/images/I/61WfW0WLsqL._SL500_.jpg" alt="Product Image"></a><p>Marbrasse 6 Tier Paper Organizer Letter Tray - Mesh Desk File Organizer with Handle, Paper Sorter Organizer for Letter/A4 Office File Folder Holder - Black</p><p> -23% 0FF </p><p>$19.98</p><a href="https://www.amazon.com/dp/B08PBFKGJG?tag=eloabder-20&linkCode=osi&th=1&psc=1">View Product</a></div><div class="product"><a href="https://www.amazon.com/dp/B09K5927B5?tag=eloabder-20&linkCode=osi&th=1&psc=1"><img src="https://m.media-amazon.com/images/I/51u5tZ4jR6L._SL500_.jpg" alt="Product Image"></a><p>Marbrasse Desk Organizer with File Holder, 5-Tier Paper Letter Tray Organizer with Drawer and 2 Pen Holder, Mesh Desktop Organizer and Storage with Magazine Holder for Office Supplies(Black)</p><p> -24% 0FF </p><p>$33.99</p><a href="https://www.amazon.com/dp/B09K5927B5?tag=eloabder-20&linkCode=osi&th=1&psc=1">View Product</a></div>
<div class="product"><a href="https://www.amazon.com/dp/B0CNXF7SVS?tag=eloabder-20&linkCode=osi&th=1&psc=1"><img src="https://m.media-amazon.com/images/I/51a6EswyTZL._SL500_.jpg" alt="Product Image"></a><p>Manalete Drawer Organizers Set of 15, 4 Sizes Clear Plastic Drawer Organizers and Storage Bins for Kitchen, Bathroom, Office, Dresser Desk Drawer Organizer Tray for Jewelry, Makeup, Junk, Gadgets</p><p> -29% 0FF </p><p>$9.99</p><a href="https://www.amazon.com/dp/B0CNXF7SVS?tag=eloabder-20&linkCode=osi&th=1&psc=1">View Product</a></div><div class="product"><a href="https://www.amazon.com/dp/B0CCY5X6SS?tag=eloabder-20&linkCode=osi&th=1&psc=1"><img src="https://m.media-amazon.com/images/I/41Iye-vPXJL._SL500_.jpg" alt="Product Image"></a><p>Bamboo Drawer Organizer Set, 5 PCS Multi-Use Individual Wood Storage Organizers, Junk Drawer Divider and Storage Trays Containers for Kitchen, Bathroom, Office Desk, Makeup, Jewelry, Utensils</p><p> -20% 0FF </p><p>$19.99 ($4.00 / Count)</p><a href="https://www.amazon.com/dp/B0CCY5X6SS?tag=eloabder-20&linkCode=osi&th=1&psc=1">View Product</a></div><div class="product"><a href="https://www.amazon.com/dp/B0CCDJQ7MM?tag=eloabder-20&linkCode=osi&th=1&psc=1"><img src="https://m.media-amazon.com/images/I/51kU0WJxdsL._SL500_.jpg" alt="Product Image"></a><p>Marbrasse Expandable Desk Drawer Organizer, Mesh Drawer Organizer Tray with 10 Adjustable Compartments, Desk Organizers and Accessories, 5 Dividers Drawer for Office Supplies, Makeup & Vanity (Black)</p><p> -15% 0FF </p><p>$17.84</p><a href="https://www.amazon.com/dp/B0CCDJQ7MM?tag=eloabder-20&linkCode=osi&th=1&psc=1">View Product</a></div><div class="product"><a href="https://www.amazon.com/dp/B0DM27MBZN?tag=eloabder-20&linkCode=osi&th=1&psc=1"><img src="https://m.media-amazon.com/images/I/41hAfSMnrZL._SL500_.jpg" alt="Product Image"></a><p>ElegantArray 12 PCS Drawer Organizer Set, 4 Sizes Storage Drawer Units, Clear Plastic Makeup Vanity Organizer and Storage Bins for Makeup, Stationeries, Multiple Gadgets for Bathroom, Office, Bedroom</p><p> -31% 0FF </p><p>$8.99</p><a href="https://www.amazon.com/dp/B0DM27MBZN?tag=eloabder-20&linkCode=osi&th=1&psc=1">View Product</a></div>
<div class="product"><a href="https://www.amazon.com/dp/B0C4T42TPC?tag=eloabder-20&linkCode=osi&th=1&psc=1"><img src="https://m.media-amazon.com/images/I/318IsyAsPXL._SL500_.jpg" alt="Product Image"></a><p>Adjustable Mobile CPU Stand, Ventilated Computer Tower Stand with 4 Caster Wheels Fits Most PC Tower, Under Desk CPU Holder PC Floor Cart Computer Riser for Gamers and Students (Black)</p><p> -21% 0FF </p><p>$14.21</p><a href="https://www.amazon.com/dp/B0C4T42TPC?tag=eloabder-20&linkCode=osi&th=1&psc=1">View Product</a></div><div class="product"><a href="https://www.amazon.com/dp/B094QTGHNZ?tag=eloabder-20&linkCode=osi&th=1&psc=1"><img src="https://m.media-amazon.com/images/I/31VzBQ+jwWL._SL500_.jpg" alt="Product Image"></a><p>WALI Computer Monitor Stand for Desk, Adjustable Laptop Riser, Desk Monitor Stand Underneath Storage for Office, Home, School Supplies (STT003), 1 Pack, Black</p><p> -32% 0FF </p><p>$16.99</p><a href="https://www.amazon.com/dp/B094QTGHNZ?tag=eloabder-20&linkCode=osi&th=1&psc=1">View Product</a></div><div class="product"><a href="https://www.amazon.com/dp/B07H4DMLVH?tag=eloabder-20&linkCode=osi&th=1&psc=1"><img src="https://m.media-amazon.com/images/I/31eTfKhpSWL._SL500_.jpg" alt="Product Image"></a><p>HUANUO Monitor Stand, Monitor Stand Riser 3 Height Adjustable, Monitor Riser with Airflow Vents, Laptop Stand for Desk, Laptop Riser, Desk Organizer for Monitor, 15.6" Laptop, PC, Printer</p><p> -11% 0FF </p><p>$15.19</p><a href="https://www.amazon.com/dp/B07H4DMLVH?tag=eloabder-20&linkCode=osi&th=1&psc=1">View Product</a></div><div class="product"><a href="https://www.amazon.com/dp/B0D69W6H91?tag=eloabder-20&linkCode=osi&th=1&psc=1"><img src="https://m.media-amazon.com/images/I/51rQI+gi3lL._SL500_.jpg" alt="Product Image"></a><p>JANE EYRE Computer Tower Stand - Adjustable PC Tower Stand CPU Holder Cart with Charging Station for Office Home Classroom,23.03"-28.3" H, black</p><p> -10% 0FF </p><p>$53.99</p><a href="https://www.amazon.com/dp/B0D69W6H91?tag=eloabder-20&linkCode=osi&th=1&psc=1">View Product</a></div><div class="product"><a href="https://www.amazon.com/dp/B0C4T34L9Y?tag=eloabder-20&linkCode=osi&th=1&psc=1"><img src="https://m.media-amazon.com/images/I/51BNMGXNOEL._SL500_.jpg" alt="Product Image"></a><p>BONTEC Wooden Monitor Stand Riser, 2-Tier Desk Shelf with Storage Organizer, Ergonomic Computer Stand with Cable Management, Cellphone Holder, White, 16.5 Inch</p><p> -33% 0FF </p><p>$18.04</p><a href="https://www.amazon.com/dp/B0C4T34L9Y?tag=eloabder-20&linkCode=osi&th=1&psc=1">View Product</a></div><div class="product"><a href="https://www.amazon.com/dp/B08BRCT4JH?tag=eloabder-20&linkCode=osi&th=1&psc=1"><img src="https://m.media-amazon.com/images/I/41Ga6A+cXbL._SL500_.jpg" alt="Product Image"></a><p>BESIGN LS03 Aluminum Laptop Stand, Ergonomic Detachable Computer Stand, Notebook Riser Compatible with Air, Pro, Dell, HP, Lenovo More 10-15.6" Laptops, Silver</p><p> -25% 0FF </p><p>$14.98</p><a href="https://www.amazon.com/dp/B08BRCT4JH?tag=eloabder-20&linkCode=osi&th=1&psc=1">View Product</a></div>
<div class="product"><a href="https://www.amazon.com/dp/B07Q79ZZJ6?tag=eloabder-20&linkCode=osi&th=1&psc=1"><img src="https://m.media-amazon.com/images/I/31-LBzENQIL._SL500_.jpg" alt="Product Image"></a><p>Single LCD Computer Monitor Free-Standing Desk Stand Mount Riser for 13 inch to 32 inch screen with Swivel, Height Adjustable, Rotation, Vesa Base Stand Holds One (1) Screen up to 77Lbs(HT05B-001))</p><p> -34% 0FF </p><p>$21.99</p><a href="https://www.amazon.com/dp/B07Q79ZZJ6?tag=eloabder-20&linkCode=osi&th=1&psc=1">View Product</a></div><div class="product"><a href="https://www.amazon.com/dp/B082845XM8?tag=eloabder-20&linkCode=osi&th=1&psc=1"><img src="https://m.media-amazon.com/images/I/41uRH1B7HgL._SL500_.jpg" alt="Product Image"></a><p>Dual Monitor Stand - Vertical Stack Screen Free-Standing Monitor Riser Fits Two 13 to 34 Inch Screen with Swivel, Tilt, Height Adjustable, Holds One (1) Screen Up to 44Lbs</p><p> -5% 0FF </p><p>$31.56</p><a href="https://www.amazon.com/dp/B082845XM8?tag=eloabder-20&linkCode=osi&th=1&psc=1">View Product</a></div><div class="product"><a href="https://www.amazon.com/dp/B00X4SCCFG?tag=eloabder-20&linkCode=osi&th=1&psc=1"><img src="https://m.media-amazon.com/images/I/21X2klzUZGL._SL500_.jpg" alt="Product Image"></a><p>Amazon Basics Height Adjustable Rectangular Computer Monitor Riser Desk Stand with Storage for Reduced Neck Strain - Fits Monitors, Laptops Up to 22lbs, Black</p><p> -35% 0FF </p><p>$14.06</p><a href="https://www.amazon.com/dp/B00X4SCCFG?tag=eloabder-20&linkCode=osi&th=1&psc=1">View Product</a></div>
<div class="product"><a href="https://www.amazon.com/dp/B07HFDJCSL?tag=eloabder-20&linkCode=osi&th=1&psc=1"><img src="https://m.media-amazon.com/images/I/41DR7qY1naL._SL500_.jpg" alt="Product Image"></a><p>VIVO Large Keyboard Tray Under Desk Pull Out with Extra Sturdy C Clamp Mount System, 27 (33 Including Clamps) x 11 Inch Slide-Out Platform Computer Drawer for Typing, Black, MOUNT-KB05E</p><p> -17% 0FF </p><p>$49.99</p><a href="https://www.amazon.com/dp/B07HFDJCSL?tag=eloabder-20&linkCode=osi&th=1&psc=1">View Product</a></div><div class="product"><a href="https://www.amazon.com/dp/B082NKBM62?tag=eloabder-20&linkCode=osi&th=1&psc=1"><img src="https://m.media-amazon.com/images/I/41qQ3p9-mrL._SL500_.jpg" alt="Product Image"></a><p>HUANUO Keyboard Tray Under Desk, 360 Adjustable Ergonomic Sliding Keyboard & Mouse Tray, Under Desk Keyboard Tray Slide Out, Keyboard Holder Under Desk for Typing in Home, Office Work, 25"W x 9.84"D</p><p> -33% 0FF </p><p>$59.98</p><a href="https://www.amazon.com/dp/B082NKBM62?tag=eloabder-20&linkCode=osi&th=1&psc=1">View Product</a></div><div class="product"><a href="https://www.amazon.com/dp/B0F23GTKHL?tag=eloabder-20&linkCode=osi&th=1&psc=1"><img src="https://m.media-amazon.com/images/I/41dmHoeznDL._SL500_.jpg" alt="Product Image"></a><p>Zontera Ergonomic Mouse & Keyboard Tray Under Desk, Pull Out with Adjustable C-clamp, 20 (25.9 Including Clamps) x 11.8 Inch Slide Out Computer Keyboard Drawer Mouse Tray for Typing, Black</p><p> -7% 0FF </p><p>$25.99</p><a href="https://www.amazon.com/dp/B0F23GTKHL?tag=eloabder-20&linkCode=osi&th=1&psc=1">View Product</a></div><div class="product"><a href="https://www.amazon.com/dp/B01IIGMBVI?tag=eloabder-20&linkCode=osi&th=1&psc=1"><img src="https://m.media-amazon.com/images/I/21Vw8003F0L._SL500_.jpg" alt="Product Image"></a><p>Alera ALE Valencia Series Underdesk Keyboard/Mouse Shelf, 28w x 12d, Black</p><p> -50% 0FF </p><p>$29.22</p><a href="https://www.amazon.com/dp/B01IIGMBVI?tag=eloabder-20&linkCode=osi&th=1&psc=1">View Product</a></div>
<div class="product"><a href="https://www.amazon.com/dp/B07C3XZMC6?tag=eloabder-20&linkCode=osi&th=1&psc=1"><img src="https://m.media-amazon.com/images/I/31Eojf7glwL._SL500_.jpg" alt="Product Image"></a><p>JIKIOU 3 Pack Mouse Pad with Stitched Edge, Comfortable Mouse Pads with Non-Slip Rubber Base, Washable Mousepads Bulk with Comfortable Cloth, Mouse Pads for Computers Laptop Mouse 10.2x8.3inch Black</p><p> -29% 0FF </p><p>$7.99</p><a href="https://www.amazon.com/dp/B07C3XZMC6?tag=eloabder-20&linkCode=osi&th=1&psc=1">View Product</a></div><div class="product"><a href="https://www.amazon.com/dp/B085XRMSTT?tag=eloabder-20&linkCode=osi&th=1&psc=1"><img src="https://m.media-amazon.com/images/I/31aDSI0sFoL._SL500_.jpg" alt="Product Image"></a><p>EooCoo Ergonomic Mouse Pad with Wrist Support, Mousepad with Memory Foam Wrist Rest and Non-Slip Base for Computer, Cafe, Home & Office, 9.64 x 8.26 in Office Desk Accessories</p><p> -36% 0FF </p><p>$6.99</p><a href="https://www.amazon.com/dp/B085XRMSTT?tag=eloabder-20&linkCode=osi&th=1&psc=1">View Product</a></div>
<div class="product"><a href="https://www.amazon.com/dp/B0BRCJL4MM?tag=eloabder-20&linkCode=osi&th=1&psc=1"><img src="https://m.media-amazon.com/images/I/41sggzaNbPL._SL500_.jpg" alt="Product Image"></a><p>Led Desk Lamp for Office Home - Eye Caring Architect lamp with Clamp,Dual Screen Computer Monitor Gooseneck Smart Light: 24W 5 Color Flexible Adjustable Lighting Table Lamp for Study Drafting</p><p> -13% 0FF </p><p>$69.99</p><a href="https://www.amazon.com/dp/B0BRCJL4MM?tag=eloabder-20&linkCode=osi&th=1&psc=1">View Product</a></div><div class="product"><a href="https://www.amazon.com/dp/B0BNHNG5CY?tag=eloabder-20&linkCode=osi&th=1&psc=1"><img src="https://m.media-amazon.com/images/I/51ccmdZe2YL._SL500_.jpg" alt="Product Image"></a><p>Micomlan Led Desk Lamp with Clamp, Architect Desk Lamp for Home Office with Atmosphere Lighting, 24W Ultra Bright Auto Dimming Computer Light Stepless Dimming and Tempering LED Table Light</p><p> -27% 0FF </p><p>$49.99</p><a href="https://www.amazon.com/dp/B0BNHNG5CY?tag=eloabder-20&linkCode=osi&th=1&psc=1">View Product</a></div><div class="product"><a href="https://www.amazon.com/dp/B078W61H9P?tag=eloabder-20&linkCode=osi&th=1&psc=1"><img src="https://m.media-amazon.com/images/I/31aebwb3nqL._SL500_.jpg" alt="Product Image"></a><p>LEPOWER Metal Desk Lamp, Eye-Caring Table Lamp, Study Lamps with Flexible Goose Neck for Bedroom, Home Office (Matte Black)</p><p> -24% 0FF </p><p>$24.99</p><a href="https://www.amazon.com/dp/B078W61H9P?tag=eloabder-20&linkCode=osi&th=1&psc=1">View Product</a></div><div class="product"><a href="https://www.amazon.com/dp/B0D1DLY4H4?tag=eloabder-20&linkCode=osi&th=1&psc=1"><img src="https://m.media-amazon.com/images/I/41sKiuSIwRL._SL500_.jpg" alt="Product Image"></a><p>SKYLEO Led Desk Lamp - Desk Light for 31.5" Tall - 5 Color Modes X 11 Brightness Levels - Adjustable Swing Arm - Timmer & Memory Function - 12W Lamp for Desk - Black</p><p> -23% 0FF </p><p>$19.99</p><a href="https://www.amazon.com/dp/B0D1DLY4H4?tag=eloabder-20&linkCode=osi&th=1&psc=1">View Product</a></div><div class="product"><a href="https://www.amazon.com/dp/B0D2LGK82V?tag=eloabder-20&linkCode=osi&th=1&psc=1"><img src="https://m.media-amazon.com/images/I/41UpQ-qygDL._SL500_.jpg" alt="Product Image"></a><p>Addtam LED Desk Lamp, Power Strip with 3 Outlets 4 USB Charging Ports(2 USBC), 4 Modes 5 Level Brightness Touch Lamp, Small Desk Lamp for Home Office College Dorm Room Essentials</p><p> -23% 0FF </p><p>$16.99</p><a href="https://www.amazon.com/dp/B0D2LGK82V?tag=eloabder-20&linkCode=osi&th=1&psc=1">View Product</a></div><div class="product"><a href="https://www.amazon.com/dp/B08LMTQ7ZF?tag=eloabder-20&linkCode=osi&th=1&psc=1"><img src="https://m.media-amazon.com/images/I/21vKPX2KHML._SL500_.jpg" alt="Product Image"></a><p>Lepro LED Desk Lamp for Home Office, 9.5W 750LM Metal Touch Control Desk Light, 5 Color Modes 5 Brightness Level, Eye Caring Task Lamp For Reading, Sewing, Crafts, School Supplies, Puzzle Light, Black</p><p> -13% 0FF </p><p>$24.99</p><a href="https://www.amazon.com/dp/B08LMTQ7ZF?tag=eloabder-20&linkCode=osi&th=1&psc=1">View Product</a></div>
<div class="product"><a href="https://www.amazon.com/dp/B0D7BXNDP4?tag=eloabder-20&linkCode=osi&th=1&psc=1"><img src="https://m.media-amazon.com/images/I/41DuEunZ1+L._SL500_.jpg" alt="Product Image"></a><p>Monitor Fan with Clamp & Light Bar Desk Lamp with fan for Office mini Desk fan small quiet with lamp for PC Laptops Tablet for Home Office Portable Working Reading Stand Lamp</p><p> -5% 0FF </p><p>$15.19</p><a href="https://www.amazon.com/dp/B0D7BXNDP4?tag=eloabder-20&linkCode=osi&th=1&psc=1">View Product</a></div><div class="product"><a href="https://www.amazon.com/dp/B07K1D41DC?tag=eloabder-20&linkCode=osi&th=1&psc=1"><img src="https://m.media-amazon.com/images/I/310MAouNV-L._SL500_.jpg" alt="Product Image"></a><p>OttLite Cool Breeze LED Lamp with Bladeless Fan - 3 Speed Options & 5 Brightness Settings with Energy Efficient Natural Daylight LEDs - Desktop, Table or Nightstand Lamp for Studying or Reading</p><p> -14% 0FF </p><p>$89.98</p><a href="https://www.amazon.com/dp/B07K1D41DC?tag=eloabder-20&linkCode=osi&th=1&psc=1">View Product</a></div>
<div class="product"><a href="https://www.amazon.com/dp/B0CXSXL1F2?tag=eloabder-20&linkCode=osi&th=1&psc=1"><img src="https://m.media-amazon.com/images/I/41H6cndt7iL._SL500_.jpg" alt="Product Image"></a><p>9 Pack Lined Sticky Notes 4x6 in Post Sticky Notes with Lines, 9 Bright Colors Self Sticky Notes Pad Its, Large Ruled Sticky Note for Office, Home, 35 Sheets/Pad</p><p> -33% 0FF </p><p>$7.99</p><a href="https://www.amazon.com/dp/B0CXSXL1F2?tag=eloabder-20&linkCode=osi&th=1&psc=1">View Product</a></div><div class="product"><a href="https://www.amazon.com/dp/B019QROV9S?tag=eloabder-20&linkCode=osi&th=1&psc=1"><img src="https://m.media-amazon.com/images/I/51OsStyntzL._SL500_.jpg" alt="Product Image"></a><p>Sharpie Clear View Highlighter Sticks, Chisel Tip, Assorted Fluorescent, 8 Count - School, Home, and Office Use, Teacher Supplies</p><p> -23% 0FF </p><p>$13.86</p><a href="https://www.amazon.com/dp/B019QROV9S?tag=eloabder-20&linkCode=osi&th=1&psc=1">View Product</a></div>
<div class="product"><a href="https://www.amazon.com/dp/B082PN4X5J?tag=eloabder-20&linkCode=osi&th=1&psc=1"><img src="https://m.media-amazon.com/images/I/51o+eA8g6nL._SL500_.jpg" alt="Product Image"></a><p>Sharpie S-Gel Gel Pens, Black Barrel, Medium Point (0.7mm), Black Gel Ink Pens, 12 Count - Home, Office, School, Journaling, Writing, Note-Taking, Teacher Supplies</p><p> -14% 0FF </p><p>$11.97</p><a href="https://www.amazon.com/dp/B082PN4X5J?tag=eloabder-20&linkCode=osi&th=1&psc=1">View Product</a></div><div class="product"><a href="https://www.amazon.com/dp/B0C9W8DD9S?tag=eloabder-20&linkCode=osi&th=1&psc=1"><img src="https://m.media-amazon.com/images/I/41mdSvEwNZL._SL500_.jpg" alt="Product Image"></a><p>Ddaowanx Gel Pens, 6 Pcs 0.5mm Quick Dry Black Ink Pens Fine Point Smooth Writing Pens, Cute Office School Supplies Gifts for Women</p><p> -10% 0FF </p><p>$8.99</p><a href="https://www.amazon.com/dp/B0C9W8DD9S?tag=eloabder-20&linkCode=osi&th=1&psc=1">View Product</a></div><div class="product"><a href="https://www.amazon.com/dp/B019QBOG3U?tag=eloabder-20&linkCode=osi&th=1&psc=1"><img src="https://m.media-amazon.com/images/I/416PjSebDoL._SL500_.jpg" alt="Product Image"></a><p>Paper Mate Colorful Gel Pens - InkJoy Gel Pens Assorted Medium Point (0.7). Perfect for Vibrant Colored Writing and Sketching with Paper Mate InkJoy 14 Count</p><p> -18% 0FF </p><p>$10.31</p><a href="https://www.amazon.com/dp/B019QBOG3U?tag=eloabder-20&linkCode=osi&th=1&psc=1">View Product</a></div><div class="product"><a href="https://www.amazon.com/dp/B0C73JDN4S?tag=eloabder-20&linkCode=osi&th=1&psc=1"><img src="https://m.media-amazon.com/images/I/51DJUUxL7HL._SL500_.jpg" alt="Product Image"></a><p>Linbsunne Ballpoint Pens Black Medium Point 1mm Pen with Super Soft Grip Ball Point Pen for Men Women Retractable Pens (gold-12 pcs)</p><p> -10% 0FF </p><p>$8.99</p><a href="https://www.amazon.com/dp/B0C73JDN4S?tag=eloabder-20&linkCode=osi&th=1&psc=1">View Product</a></div><div class="product"><a href="https://www.amazon.com/dp/B001OTA66O?tag=eloabder-20&linkCode=osi&th=1&psc=1"><img src="https://m.media-amazon.com/images/I/41yS5tBZQLL._SL500_.jpg" alt="Product Image"></a><p>BIC Glide Black Retractable Ballpoint Pens, Medium Point (1.0mm), 4-Count Pack, Ultra Smooth Writing Black Pens</p><p> -40% 0FF </p><p>$2.99</p><a href="https://www.amazon.com/dp/B001OTA66O?tag=eloabder-20&linkCode=osi&th=1&psc=1">View Product</a></div>
<div class="product"><a href="https://www.amazon.com/dp/B002HVXXCW?tag=eloabder-20&linkCode=osi&th=1&psc=1"><img src="https://m.media-amazon.com/images/I/41JeEedXCeL._SL500_.jpg" alt="Product Image"></a><p>Ticonderoga Wood-Cased Pencils, Pre-Sharpened, 2 HB Soft, Yellow, 10 Count</p><p> -58% 0FF </p><p>$2.49</p><a href="https://www.amazon.com/dp/B002HVXXCW?tag=eloabder-20&linkCode=osi&th=1&psc=1">View Product</a></div><div class="product"><a href="https://www.amazon.com/dp/B077Q4B6YN?tag=eloabder-20&linkCode=osi&th=1&psc=1"><img src="https://m.media-amazon.com/images/I/4160YcHGDNL._SL500_.jpg" alt="Product Image"></a><p>Paper Mate 2017483 Mechanical Pencils for Handwriting, Triangular, 5/PK, AST</p><p> -45% 0FF </p><p>$3.47</p><a href="https://www.amazon.com/dp/B077Q4B6YN?tag=eloabder-20&linkCode=osi&th=1&psc=1">View Product</a></div>
<div class="product"><a href="https://www.amazon.com/dp/B0D7YTZNRF?tag=eloabder-20&linkCode=osi&th=1&psc=1"><img src="https://m.media-amazon.com/images/I/41hSbSlNAmL._SL500_.jpg" alt="Product Image"></a><p>YASNAY Alcohol Markers, 48 Colors Dual Tip Art Marker, Drawing Markers, Coloring Marker for Kids Sketching Adult Coloring</p><p> -27% 0FF </p><p>$10.99</p><a href="https://www.amazon.com/dp/B0D7YTZNRF?tag=eloabder-20&linkCode=osi&th=1&psc=1">View Product</a></div><div class="product"><a href="https://www.amazon.com/dp/B07CJ8QXF8?tag=eloabder-20&linkCode=osi&th=1&psc=1"><img src="https://m.media-amazon.com/images/I/51bChi4-H4L._SL500_.jpg" alt="Product Image"></a><p>Dual Markers Brush Pens, 36 Fine Point Art Marker, Double Tip Colored Pen for Adult Coloring Hand Lettering, School Classroom Art Suppliers</p><p> -20% 0FF </p><p>$7.98</p><a href="https://www.amazon.com/dp/B07CJ8QXF8?tag=eloabder-20&linkCode=osi&th=1&psc=1">View Product</a></div><div class="product"><a href="https://www.amazon.com/dp/B071CP6X88?tag=eloabder-20&linkCode=osi&th=1&psc=1"><img src="https://m.media-amazon.com/images/I/41sNeEYkTNL._SL500_.jpg" alt="Product Image"></a><p>Crayola Super Tips Marker Set for Kids (100ct), Broad Tip & Fine Point Washable Art Markers for Kids, Bulk School Supplies, Teacher Classroom Must Haves, Drawing Supplies</p><p> -19% 0FF </p><p>$16.29</p><a href="https://www.amazon.com/dp/B071CP6X88?tag=eloabder-20&linkCode=osi&th=1&psc=1">View Product</a></div><div class="product"><a href="https://www.amazon.com/dp/B08MBFPFCQ?tag=eloabder-20&linkCode=osi&th=1&psc=1"><img src="https://m.media-amazon.com/images/I/51DaGL7Z4oL._SL500_.jpg" alt="Product Image"></a><p>Sharpie Permanent Markers Variety Pack, Includes Chisel, Fine, and Ultra-Fine Tips, Marker Set, Writing, Coloring, Poster, Office, School Supplies, Black, 6 Count</p><p> -19% 0FF </p><p>$4.63 ($0.77 / Count)</p><a href="https://www.amazon.com/dp/B08MBFPFCQ?tag=eloabder-20&linkCode=osi&th=1&psc=1">View Product</a></div>
<div class="product"><a href="https://www.amazon.com/dp/B09Y2KJ2KX?tag=eloabder-20&linkCode=osi&th=1&psc=1"><img src="https://m.media-amazon.com/images/I/41EhQr7suML._SL500_.jpg" alt="Product Image"></a><p>Sharpie Pocket Highlighters, Mild Pastel Colors, Assorted, Chisel Tip, 12 Count - School, Home, and Office Use, Teacher Supplies</p><p> -22% 0FF </p><p>$7.76 ($0.65 / Count)</p><a href="https://www.amazon.com/dp/B09Y2KJ2KX?tag=eloabder-20&linkCode=osi&th=1&psc=1">View Product</a></div><div class="product"><a href="https://www.amazon.com/dp/B08698MJWT?tag=eloabder-20&linkCode=osi&th=1&psc=1"><img src="https://m.media-amazon.com/images/I/512N7aYt5oL._SL500_.jpg" alt="Product Image"></a><p>Sharpie S-Note Creative Markers, Pastel Highlighters, Art Marker Set, Assorted Colors, Chisel Tip, 24 Count - School, Home, and Office Use, Teacher Supplies</p><p> -60% 0FF </p><p>$8.83</p><a href="https://www.amazon.com/dp/B08698MJWT?tag=eloabder-20&linkCode=osi&th=1&psc=1">View Product</a></div>
<div class="product"><a href="https://www.amazon.com/dp/B097DPQPYN?tag=eloabder-20&linkCode=osi&th=1&psc=1"><img src="https://m.media-amazon.com/images/I/51nFyQPtfkL._SL500_.jpg" alt="Product Image"></a><p>Sonuimy Pencil Sharpeners, 4 Pcs Pencil Sharpeners Manual,Dual Holes Compact Colored Handheld Pencil Sharpener for Kids with Lid Adults Students School Class Home Office (Covered)</p><p> -13% 0FF </p><p>$4.49</p><a href="https://www.amazon.com/dp/B097DPQPYN?tag=eloabder-20&linkCode=osi&th=1&psc=1">View Product</a></div><div class="product"><a href="https://www.amazon.com/dp/B000MFN1G8?tag=eloabder-20&linkCode=osi&th=1&psc=1"><img src="https://m.media-amazon.com/images/I/41JPflroUEL._SL500_.jpg" alt="Product Image"></a><p>Compact Desktop Electric Pencil Sharpener, Black, Sold as 1 Each</p><p> -21% 0FF </p><p>$15.89</p><a href="https://www.amazon.com/dp/B000MFN1G8?tag=eloabder-20&linkCode=osi&th=1&psc=1">View Product</a></div><div class="product"><a href="https://www.amazon.com/dp/B00125KXGI?tag=eloabder-20&linkCode=osi&th=1&psc=1"><img src="https://m.media-amazon.com/images/I/51avY0bZv6L._SL500_.jpg" alt="Product Image"></a><p>Bostitch Office Personal Electric Pencil Sharpener, Powerful Stall-Free Motor, High Capacity Shavings Tray, Blue</p><p> -13% 0FF </p><p>$17.48</p><a href="https://www.amazon.com/dp/B00125KXGI?tag=eloabder-20&linkCode=osi&th=1&psc=1">View Product</a></div><div class="product"><a href="https://www.amazon.com/dp/B078DZY9Z5?tag=eloabder-20&linkCode=osi&th=1&psc=1"><img src="https://m.media-amazon.com/images/I/41KbUFGrXfL._SL500_.jpg" alt="Product Image"></a><p>JARLINK Electric Pencil Sharpener, Heavy-Duty Helical Blade to Fast Sharpen, Auto Stop for No.2/Colored Pencils(6-8mm), AC Adapter/Battery Operated in School Classroom/Office/Home (Black)</p><p> -21% 0FF </p><p>$16.98</p><a href="https://www.amazon.com/dp/B078DZY9Z5?tag=eloabder-20&linkCode=osi&th=1&psc=1">View Product</a></div><div class="product"><a href="https://www.amazon.com/dp/B08DLXH86D?tag=eloabder-20&linkCode=osi&th=1&psc=1"><img src="https://m.media-amazon.com/images/I/41UghsnBycL._SL500_.jpg" alt="Product Image"></a><p>Aogwat Pencil Sharpener Electric Pencil Sharpener for Kids, Blade to Fast Sharpen, Suitable for No.2/School/Classroom/Office/Home (Black)</p><p> -23% 0FF </p><p>$9.99</p><a href="https://www.amazon.com/dp/B08DLXH86D?tag=eloabder-20&linkCode=osi&th=1&psc=1">View Product</a></div><div class="product"><a href="https://www.amazon.com/dp/B000GP0VIU?tag=eloabder-20&linkCode=osi&th=1&psc=1"><img src="https://m.media-amazon.com/images/I/318OKKSwzbL._SL500_.jpg" alt="Product Image"></a><p>Bostitch Office Wall Mount Manual Pencil Sharpener, Tip Saver, 8 Hole Dial, 6X Longer Cutter Life, Vertical or Horizontal Mounting Black (MPS1-BLK)</p><p> -9% 0FF </p><p>$13.18</p><a href="https://www.amazon.com/dp/B000GP0VIU?tag=eloabder-20&linkCode=osi&th=1&psc=1">View Product</a></div>
<div class="product"><a href="https://www.amazon.com/dp/B00094H4LU?tag=eloabder-20&linkCode=osi&th=1&psc=1"><img src="https://m.media-amazon.com/images/I/41f-fbZYU1L._SL500_.jpg" alt="Product Image"></a><p>Paper Mate Erasers | Pink Pearl Large Erasers 12 Count</p><p> -55% 0FF </p><p>$6.03</p><a href="https://www.amazon.com/dp/B00094H4LU?tag=eloabder-20&linkCode=osi&th=1&psc=1">View Product</a></div><div class="product"><a href="https://www.amazon.com/dp/B07DPVVMWB?tag=eloabder-20&linkCode=osi&th=1&psc=1"><img src="https://m.media-amazon.com/images/I/51wLlsENgiL._SL500_.jpg" alt="Product Image"></a><p>Mr. Pen Erasers for Pencils, 120 Pack, Pencil Top Erasers, Eraser Caps, Cap Tops, Topper Erasers. Ereaser</p><p> -24% 0FF </p><p>$5.95</p><a href="https://www.amazon.com/dp/B07DPVVMWB?tag=eloabder-20&linkCode=osi&th=1&psc=1">View Product</a></div><div class="product"><a href="https://www.amazon.com/dp/B07144DC8V?tag=eloabder-20&linkCode=osi&th=1&psc=1"><img src="https://m.media-amazon.com/images/I/51Ed1+HW9cL._SL500_.jpg" alt="Product Image"></a><p>Pentel Hi-Polymer Block Eraser, White, 10/Box (ZEH10PC10)</p><p> -44% 0FF </p><p>$9.99</p><a href="https://www.amazon.com/dp/B07144DC8V?tag=eloabder-20&linkCode=osi&th=1&psc=1">View Product</a></div><div class="product"><a href="https://www.amazon.com/dp/B0047CT6SE?tag=eloabder-20&linkCode=osi&th=1&psc=1"><img src="https://m.media-amazon.com/images/I/41bhWXKeeiL._SL500_.jpg" alt="Product Image"></a><p>Pentel Clic Retractable Eraser with Grip, 3 Pack</p><p> -29% 0FF </p><p>$4.77</p><a href="https://www.amazon.com/dp/B0047CT6SE?tag=eloabder-20&linkCode=osi&th=1&psc=1">View Product</a></div>
<div class="product"><a href="https://www.amazon.com/dp/B09S9X3HV7?tag=eloabder-20&linkCode=osi&th=1&psc=1"><img src="https://m.media-amazon.com/images/I/51GgMyfl5VL._SL500_.jpg" alt="Product Image"></a><p>Color Transparent Ruler Plastic Rulers - Ruler 12 inch, Kids Ruler for School, Ruler with Centimeters, Millimeter and Inches, Assorted Colors, Clear Rulers, 7 Pack School Rulers</p><p> -16% 0FF </p><p>$5.99</p><a href="https://www.amazon.com/dp/B09S9X3HV7?tag=eloabder-20&linkCode=osi&th=1&psc=1">View Product</a></div><div class="product"><a href="https://www.amazon.com/dp/B06XK9VQM4?tag=eloabder-20&linkCode=osi&th=1&psc=1"><img src="https://m.media-amazon.com/images/I/51Glln3n-nL._SL500_.jpg" alt="Product Image"></a><p>Outus 12 Pack Wood Ruler Bulk for Students Wooden School Rulers Gifts Office Classroom Measuring, 2 Scale, 12 Inch and 30 cm</p><p> -6% 0FF </p><p>$7.99</p><a href="https://www.amazon.com/dp/B06XK9VQM4?tag=eloabder-20&linkCode=osi&th=1&psc=1">View Product</a></div><div class="product"><a href="https://www.amazon.com/dp/B0B5MLTG7J?tag=eloabder-20&linkCode=osi&th=1&psc=1"><img src="https://m.media-amazon.com/images/I/51z9LUxLKmL._SL500_.jpg" alt="Product Image"></a><p>DAGONGREN 30 Pack Clear Plastic Rulers 12 Inch,Transparent Assorted Color Metric Bulk Rulers with Inches and Centimeters,Kids Ruler for School,Home,Office</p><p> -9% 0FF </p><p>$9.99</p><a href="https://www.amazon.com/dp/B0B5MLTG7J?tag=eloabder-20&linkCode=osi&th=1&psc=1">View Product</a></div><div class="product"><a href="https://www.amazon.com/dp/B096MPPF53?tag=eloabder-20&linkCode=osi&th=1&psc=1"><img src="https://m.media-amazon.com/images/I/51qUpElDRcS._SL500_.jpg" alt="Product Image"></a><p>Tenare 1 Set Plastic Clear Math Set Includes Protractor Triangle Rulers 12 Inch 6 Inch Straight Geometry Math Transparent Ruler Measuring Tool for School Office Home Supplies(Clear)</p><p> -25% 0FF </p><p>$5.98</p><a href="https://www.amazon.com/dp/B096MPPF53?tag=eloabder-20&linkCode=osi&th=1&psc=1">View Product</a></div>
<div class="product"><a href="https://www.amazon.com/dp/B07YDDX4JL?tag=eloabder-20&linkCode=osi&th=1&psc=1"><img src="https://m.media-amazon.com/images/I/41oBPZwCRLL._SL500_.jpg" alt="Product Image"></a><p>3-Pack 8" Heavy Duty Scissors with Ultra Sharp Blades and Comfort Grip Handles - For Office, Home, School, Sewing, and Crafts</p><p> -15% 0FF </p><p>$8.49 ($2.83 / Count)</p><a href="https://www.amazon.com/dp/B07YDDX4JL?tag=eloabder-20&linkCode=osi&th=1&psc=1">View Product</a></div><div class="product"><a href="https://www.amazon.com/dp/B01BRGU8R0?tag=eloabder-20&linkCode=osi&th=1&psc=1"><img src="https://m.media-amazon.com/images/I/41ANVra+eNL._SL500_.jpg" alt="Product Image"></a><p>Amazon Basics Stainless Steel Scissors for Office, Crafts, Multipurpose, Sharp, Comfort Grip, PVD Coated, 3 Pack, Multicolor</p><p> -45% 0FF </p><p>$7.55</p><a href="https://www.amazon.com/dp/B01BRGU8R0?tag=eloabder-20&linkCode=osi&th=1&psc=1">View Product</a></div><div class="product"><a href="https://www.amazon.com/dp/B000P0LNRE?tag=eloabder-20&linkCode=osi&th=1&psc=1"><img src="https://m.media-amazon.com/images/I/41fWgMTO0JL._SL500_.jpg" alt="Product Image"></a><p>Westcott 8-Inch Titanium-Bonded Scissors with Adjustable Glide Feature for Office and Home - Gray/Yellow, 2-Pack</p><p> -33% 0FF </p><p>$9.97</p><a href="https://www.amazon.com/dp/B000P0LNRE?tag=eloabder-20&linkCode=osi&th=1&psc=1">View Product</a></div>
<div class="product"><a href="https://www.amazon.com/dp/B074ZRZ4CZ?tag=eloabder-20&linkCode=osi&th=1&psc=1"><img src="https://m.media-amazon.com/images/I/41bu+HKxC2L._SL500_.jpg" alt="Product Image"></a><p>Swingline Commercial Stapler, 20 Sheet Capacity, Jam Free, Metal, 2 Pack, Black (44401AZ)</p><p> -5% 0FF </p><p>$18.98</p><a href="https://www.amazon.com/dp/B074ZRZ4CZ?tag=eloabder-20&linkCode=osi&th=1&psc=1">View Product</a></div><div class="product"><a href="https://www.amazon.com/dp/B001PME62K?tag=eloabder-20&linkCode=osi&th=1&psc=1"><img src="https://m.media-amazon.com/images/I/41gbaJu-3iL._SL500_.jpg" alt="Product Image"></a><p>Swingline Stapler, 40 Sheet Capacity, Optima 40, Jam Free, Reduced Effort, Soft Grip, Metal, Orange and Gray (87845)</p><p> -14% 0FF </p><p>$24.19</p><a href="https://www.amazon.com/dp/B001PME62K?tag=eloabder-20&linkCode=osi&th=1&psc=1">View Product</a></div><div class="product"><a href="https://www.amazon.com/dp/B0D2JBKYM1?tag=eloabder-20&linkCode=osi&th=1&psc=1"><img src="https://m.media-amazon.com/images/I/41zFTU9QpfL._SL500_.jpg" alt="Product Image"></a><p>Bostitch Office Stapler, No-Jam Premium for Desktop, Includes 1,250 Staples, Full-Strip, 25 Sheet Capacity, Black</p><p> -26% 0FF </p><p>$6.99</p><a href="https://www.amazon.com/dp/B0D2JBKYM1?tag=eloabder-20&linkCode=osi&th=1&psc=1">View Product</a></div><div class="product"><a href="https://www.amazon.com/dp/B0CC5GJKM1?tag=eloabder-20&linkCode=osi&th=1&psc=1"><img src="https://m.media-amazon.com/images/I/41JDDoSZQiL._SL500_.jpg" alt="Product Image"></a><p>Metal Stapler Heavy Duty 50 Sheet Capacity with 1750 Staples and Staple Remover, Full Strip Staplers for Desk, No Jam, Non-Slip for Office & Classroom, Black</p><p> -33% 0FF </p><p>$13.29</p><a href="https://www.amazon.com/dp/B0CC5GJKM1?tag=eloabder-20&linkCode=osi&th=1&psc=1">View Product</a></div><div class="product"><a href="https://www.amazon.com/dp/B0006HUQZ6?tag=eloabder-20&linkCode=osi&th=1&psc=1"><img src="https://m.media-amazon.com/images/I/31e-T-f1TGL._SL500_.jpg" alt="Product Image"></a><p>Swingline Stapler, 30 Sheet Capacity, 747 Business Stapler, Jam Free, Metal, Rio Red (74736)</p><p> -23% 0FF </p><p>$15.30</p><a href="https://www.amazon.com/dp/B0006HUQZ6?tag=eloabder-20&linkCode=osi&th=1&psc=1">View Product</a></div>
<div class="product"><a href="https://www.amazon.com/dp/B00J8PJJF0?tag=eloabder-20&linkCode=osi&th=1&psc=1"><img src="https://m.media-amazon.com/images/I/418dc+5ZGkL._SL500_.jpg" alt="Product Image"></a><p>Bostitch Office Premium Standard Staples, 1/4" Full Strip, Box of 5,000 Staples</p><p> -27% 0FF </p><p>$4.39</p><a href="https://www.amazon.com/dp/B00J8PJJF0?tag=eloabder-20&linkCode=osi&th=1&psc=1">View Product</a></div><div class="product"><a href="https://www.amazon.com/dp/B079VYR12V?tag=eloabder-20&linkCode=osi&th=1&psc=1"><img src="https://m.media-amazon.com/images/I/51xAt88vqrL._SL500_.jpg" alt="Product Image"></a><p>Officemate Standard Staples, 10 Boxes General Purpose Staple (91950)</p><p> -10% 0FF </p><p>$14.37</p><a href="https://www.amazon.com/dp/B079VYR12V?tag=eloabder-20&linkCode=osi&th=1&psc=1">View Product</a></div><div class="product"><a href="https://www.amazon.com/dp/B00006IFMQ?tag=eloabder-20&linkCode=osi&th=1&psc=1"><img src="https://m.media-amazon.com/images/I/51UsWZuFq8L._SL500_.jpg" alt="Product Image"></a><p>Bostitch Office B8 PowerCrown 0.25 Inch Staples, Pack of 5,000 Staples (STCRP21151/4), Silver</p><p> -30% 0FF </p><p>$2.33</p><a href="https://www.amazon.com/dp/B00006IFMQ?tag=eloabder-20&linkCode=osi&th=1&psc=1">View Product</a></div>
<div class="product"><a href="https://www.amazon.com/dp/B000J07BRQ?tag=eloabder-20&linkCode=osi&th=1&psc=1"><img src="https://m.media-amazon.com/images/I/51QpJKjajbL._SL500_.jpg" alt="Product Image"></a><p>Scotch Heavy Duty Shipping Packing Tape, Clear, Packing Tape for Moving Boxes and Packaging Supplies, 1.88 in. x 22.2 yd., 6 Roll Dispensers, Moving Supplies</p><p> -35% 0FF </p><p>$12.99</p><a href="https://www.amazon.com/dp/B000J07BRQ?tag=eloabder-20&linkCode=osi&th=1&psc=1">View Product</a></div><div class="product"><a href="https://www.amazon.com/dp/B0000DH8HQ?tag=eloabder-20&linkCode=osi&th=1&psc=1"><img src="https://m.media-amazon.com/images/I/414lAY+087L._SL500_.jpg" alt="Product Image"></a><p>Scotch Magic Tape, Invisible Transparent Tape, 6 Tape Rolls with Dispensers, 3/4 in x 650 in</p><p> -23% 0FF </p><p>$12.34</p><a href="https://www.amazon.com/dp/B0000DH8HQ?tag=eloabder-20&linkCode=osi&th=1&psc=1">View Product</a></div><div class="product"><a href="https://www.amazon.com/dp/B0DQHV6X92?tag=eloabder-20&linkCode=osi&th=1&psc=1"><img src="https://m.media-amazon.com/images/I/51ViCFlgldL._SL500_.jpg" alt="Product Image"></a><p>BeataTap Tape, Invisible Tape, 6 Rolls + 6 Refillable Dispensers, Matte Finish, Writable, 3/4″ x 650″, Transparent Tape, Clear Tape for Gift Wrapping Paper, School Supplies</p><p> -15% 0FF </p><p>$5.94 ($0.99 / Count)</p><a href="https://www.amazon.com/dp/B0DQHV6X92?tag=eloabder-20&linkCode=osi&th=1&psc=1">View Product</a></div><div class="product"><a href="https://www.amazon.com/dp/B07CB6LN5S?tag=eloabder-20&linkCode=osi&th=1&psc=1"><img src="https://m.media-amazon.com/images/I/41NNyeISnjL._SL500_.jpg" alt="Product Image"></a><p>Scotch Super-Hold Tape, 2 Rolls, Transparent Finish, 50% More Adhesive, Trusted Favorite, 3/4 x 600 Inches, Dispensered (198DM-2)</p><p> -30% 0FF </p><p>$5.97</p><a href="https://www.amazon.com/dp/B07CB6LN5S?tag=eloabder-20&linkCode=osi&th=1&psc=1">View Product</a></div><div class="product"><a href="https://www.amazon.com/dp/B00464740A?tag=eloabder-20&linkCode=osi&th=1&psc=1"><img src="https://m.media-amazon.com/images/I/51ZPFoiGfuL._SL500_.jpg" alt="Product Image"></a><p>Scotch Sure Start Shipping Packaging Tape, 1.88" x 22.2 yd, Designed for Packing, Shipping and Mailing, Quiet Unwind, No Splitting or Tearing, 1.5" Core, Clear, 6 Dispensered Rolls (145-6)</p><p> -28% 0FF </p><p>$13.48</p><a href="https://www.amazon.com/dp/B00464740A?tag=eloabder-20&linkCode=osi&th=1&psc=1">View Product</a></div><div class="product"><a href="https://www.amazon.com/dp/B09C6LLG9P?tag=eloabder-20&linkCode=osi&th=1&psc=1"><img src="https://m.media-amazon.com/images/I/41rbv66ZNBL._SL500_.jpg" alt="Product Image"></a><p>Scotch Box Lock Packaging Tape, 1 Roll with Dispenser, 1.88 in x 1000 in, Extreme Grip, Sticks Instantly to Any Box (195L)</p><p> -31% 0FF </p><p>$4.12</p><a href="https://www.amazon.com/dp/B09C6LLG9P?tag=eloabder-20&linkCode=osi&th=1&psc=1">View Product</a></div>
<div class="product"><a href="https://www.amazon.com/dp/B08QQZ71CV?tag=eloabder-20&linkCode=osi&th=1&psc=1"><img src="https://m.media-amazon.com/images/I/51Foz0aGYoS._SL500_.jpg" alt="Product Image"></a><p>Gorilla Super Glue, Clear Glue, Four 3 Gram Tubes (Pack of 1) - All Purpose and Fast Setting for Projects and Repairs</p><p> -25% 0FF </p><p>$9.49 ($22.60 / Ounce)</p><a href="https://www.amazon.com/dp/B08QQZ71CV?tag=eloabder-20&linkCode=osi&th=1&psc=1">View Product</a></div><div class="product"><a href="https://www.amazon.com/dp/B07J6R3GK7?tag=eloabder-20&linkCode=osi&th=1&psc=1"><img src="https://m.media-amazon.com/images/I/31kdOjGBkpL._SL500_.jpg" alt="Product Image"></a><p>Amazon Basics All Purpose Washable School Clear Liquid Glue - Great for Making Slime, 128 fl oz</p><p> -6% 0FF </p><p>$16.13</p><a href="https://www.amazon.com/dp/B07J6R3GK7?tag=eloabder-20&linkCode=osi&th=1&psc=1">View Product</a></div><div class="product"><a href="https://www.amazon.com/dp/B00178QQJ8?tag=eloabder-20&linkCode=osi&th=1&psc=1"><img src="https://m.media-amazon.com/images/I/41zs6k410RL._SL500_.jpg" alt="Product Image"></a><p>Mod Podge Gloss Sealer, Glue & Finish: All-in-One Craft Solution- Quick Dry, Easy Clean, for Wood, Paper, Fabric & More. Non-Toxic - Craft with Confidence, Made in USA, 16 oz., Pack of 1</p><p> -36% 0FF </p><p>$7.99 ($0.50 / Fl Oz)</p><a href="https://www.amazon.com/dp/B00178QQJ8?tag=eloabder-20&linkCode=osi&th=1&psc=1">View Product</a></div><div class="product"><a href="https://www.amazon.com/dp/B073V14DZJ?tag=eloabder-20&linkCode=osi&th=1&psc=1"><img src="https://m.media-amazon.com/images/I/31Iyy5+vk6L._SL500_.jpg" alt="Product Image"></a><p>Amazon Basics All Purpose Washable School Craft Liquid Glue for Making Slime, White, Single Pack, 1 Gallon</p><p> -7% 0FF </p><p>$15.54</p><a href="https://www.amazon.com/dp/B073V14DZJ?tag=eloabder-20&linkCode=osi&th=1&psc=1">View Product</a></div><div class="product"><a href="https://www.amazon.com/dp/B0006HUJCQ?tag=eloabder-20&linkCode=osi&th=1&psc=1"><img src="https://m.media-amazon.com/images/I/511pTqChTCL._SL500_.jpg" alt="Product Image"></a><p>Loctite Super Glue Gel Control, Clear, 0.14 fl oz Bottle, 1 Pack - Superglue for Plastic, Wood, Metal, Crafts & Repair, Cyanoacrylate Adhesive Instant Glue, Quick Dry</p><p> -13% 0FF </p><p>$3.64 ($26.00 / Fl Oz)</p><a href="https://www.amazon.com/dp/B0006HUJCQ?tag=eloabder-20&linkCode=osi&th=1&psc=1">View Product</a></div>
<div class="product"><a href="https://www.amazon.com/dp/B074XTRX7K?tag=eloabder-20&linkCode=osi&th=1&psc=1"><img src="https://m.media-amazon.com/images/I/31rOPIrMfDL._SL500_.jpg" alt="Product Image"></a><p>Amazon Basics Sturdy Binder Clips for Office Use, 96 Count (8 Pack of 12), Medium, 1.25 in, Black</p><p> -26% 0FF </p><p>$7.48</p><a href="https://www.amazon.com/dp/B074XTRX7K?tag=eloabder-20&linkCode=osi&th=1&psc=1">View Product</a></div><div class="product"><a href="https://www.amazon.com/dp/B00TQ8FDB8?tag=eloabder-20&linkCode=osi&th=1&psc=1"><img src="https://m.media-amazon.com/images/I/51y7lUrMLnL._SL500_.jpg" alt="Product Image"></a><p>ACCO Binder Clips, Medium, Black, 12 per Box, 2 Boxes (72062)</p><p> -25% 0FF </p><p>$5.96</p><a href="https://www.amazon.com/dp/B00TQ8FDB8?tag=eloabder-20&linkCode=osi&th=1&psc=1">View Product</a></div><div class="product"><a href="https://www.amazon.com/dp/B08KWCDP3C?tag=eloabder-20&linkCode=osi&th=1&psc=1"><img src="https://m.media-amazon.com/images/I/41qucDz6HuL._SL500_.jpg" alt="Product Image"></a><p>Ufmarine Medium Binder Clips 1.25 inch Length, (40 Pcs) Colorful Paper Clips Medium for Office</p><p> -12% 0FF </p><p>$5.99</p><a href="https://www.amazon.com/dp/B08KWCDP3C?tag=eloabder-20&linkCode=osi&th=1&psc=1">View Product</a></div>
<div class="product"><a href="https://www.amazon.com/dp/B09XQLJFDD?tag=eloabder-20&linkCode=osi&th=1&psc=1"><img src="https://m.media-amazon.com/images/I/41iiSFMy4uL._SL500_.jpg" alt="Product Image"></a><p>PAPERPAL Paperclips for Office School & Personal Use, #1 Nonskid Paper Clip (1-2/7"), 600 Medium Paper Clips (6 Boxes of 100 Each), Silver</p><p> -20% 0FF </p><p>$7.99</p><a href="https://www.amazon.com/dp/B09XQLJFDD?tag=eloabder-20&linkCode=osi&th=1&psc=1">View Product</a></div>

<div class="product"><a href="https://www.amazon.com/dp/B004I2G8NO?tag=eloabder-20&linkCode=osi&th=1&psc=1"><img src="https://m.media-amazon.com/images/I/51WEsLRINGL._SL500_.jpg" alt="Product Image"></a><p>Business Source Rubber Band, Natural (1914LB)</p><p> -26% 0FF </p><p>$4.00</p><a href="https://www.amazon.com/dp/B004I2G8NO?tag=eloabder-20&linkCode=osi&th=1&psc=1">View Product</a></div><div class="product"><a href="https://www.amazon.com/dp/B077GDY1LP?tag=eloabder-20&linkCode=osi&th=1&psc=1"><img src="https://m.media-amazon.com/images/I/41nn0nmNTiL._SL500_.jpg" alt="Product Image"></a><p>ANNIE 1000 RUBBER BANDS 1/2" #BLACK</p><p> -7% 0FF </p><p>$4.90 ($1.22 / Count)</p><a href="https://www.amazon.com/dp/B077GDY1LP?tag=eloabder-20&linkCode=osi&th=1&psc=1">View Product</a></div><div class="product"><a href="https://www.amazon.com/dp/B000783OPI?tag=eloabder-20&linkCode=osi&th=1&psc=1"><img src="https://m.media-amazon.com/images/I/510okXKzMqL._SL500_.jpg" alt="Product Image"></a><p>Universal 00419 19-Size Rubber Bands (335 Per Pack), Beige</p><p> -29% 0FF </p><p>$3.44</p><a href="https://www.amazon.com/dp/B000783OPI?tag=eloabder-20&linkCode=osi&th=1&psc=1">View Product</a></div><div class="product"><a href="https://www.amazon.com/dp/B00006IBRU?tag=eloabder-20&linkCode=osi&th=1&psc=1"><img src="https://m.media-amazon.com/images/I/51pU5khkX8L._SL500_.jpg" alt="Product Image"></a><p>ALL26335 - Alliance Rubber 26335 Advantage Rubber Bands - Size #33, Natural, 1 Pound 3 x 1/8 inches</p><p> -62% 0FF </p><p>$3.29</p><a href="https://www.amazon.com/dp/B00006IBRU?tag=eloabder-20&linkCode=osi&th=1&psc=1">View Product</a></div>
<div class="product"><a href="https://www.amazon.com/dp/B0DSKTZBB6?tag=eloabder-20&linkCode=osi&th=1&psc=1"><img src="https://m.media-amazon.com/images/I/415YD3kNFlL._SL500_.jpg" alt="Product Image"></a><p>300 Count Colored Index Cards 3 x 5 Inch Ruled Index Cards, Flash Cards College Ruled for School, College, Office and Home Organization, Durable Study To Do List Note Cards with Ruled Lines</p><p> -10% 0FF </p><p>$6.29</p><a href="https://www.amazon.com/dp/B0DSKTZBB6?tag=eloabder-20&linkCode=osi&th=1&psc=1">View Product</a></div><div class="product"><a href="https://www.amazon.com/dp/B09JYQZQ3V?tag=eloabder-20&linkCode=osi&th=1&psc=1"><img src="https://m.media-amazon.com/images/I/41y5vfnutuL._SL500_.jpg" alt="Product Image"></a><p>Oxford Index Cards, 3 x 5 Inches, White, Lined on Front, Blank on Back, Flashcards for School and Studying, Recipe Note Cards, 500 Count (5 Packs of 100) (40176)</p><p> -22% 0FF </p><p>$7.01</p><a href="https://www.amazon.com/dp/B09JYQZQ3V?tag=eloabder-20&linkCode=osi&th=1&psc=1">View Product</a></div>
<div class="product"><a href="https://www.amazon.com/dp/B00P9U2EM8?tag=eloabder-20&linkCode=osi&th=1&psc=1"><img src="https://m.media-amazon.com/images/I/41Op5kyIukL._SL500_.jpg" alt="Product Image"></a><p>Mead Spiral Notebook, 6 Pack, 1 Subject, College Ruled Paper, 7-1/2" x 10-1/2", 70 Sheets per Notebook, Colors Will Vary (830062-ECM25)</p><p> -46% 0FF </p><p>$6.71</p><a href="https://www.amazon.com/dp/B00P9U2EM8?tag=eloabder-20&linkCode=osi&th=1&psc=1">View Product</a></div><div class="product"><a href="https://www.amazon.com/dp/B0CQN8FVJX?tag=eloabder-20&linkCode=osi&th=1&psc=1"><img src="https://m.media-amazon.com/images/I/414WVVoGFPL._SL500_.jpg" alt="Product Image"></a><p>SUNEE Spiral Notebooks, 1-Subject, 5 Pack, College Ruled Paper, 8" x 10-1/2", 70 Sheets per Notebook,3-Hole Punched Paper, Pink,Purple, Blue, Green, Yellow Spiral Lined Notebooks for School,Work</p><p> -29% 0FF </p><p>$9.99</p><a href="https://www.amazon.com/dp/B0CQN8FVJX?tag=eloabder-20&linkCode=osi&th=1&psc=1">View Product</a></div><div class="product"><a href="https://www.amazon.com/dp/B08NYRMWZ8?tag=eloabder-20&linkCode=osi&th=1&psc=1"><img src="https://m.media-amazon.com/images/I/41y1cnNXtOL._SL500_.jpg" alt="Product Image"></a><p>Yansanido Spiral Notebook, 4 Pcs 8.3 Inch x 5.9 Inch A5 Thick Plastic Hardcover 8mm Ruled 4 Color 80 Sheets -160 Pages Journals for Study and Notes (style 10-Wine Red,Brown,Green,ivory, A5)</p><p> -23% 0FF </p><p>$9.99</p><a href="https://www.amazon.com/dp/B08NYRMWZ8?tag=eloabder-20&linkCode=osi&th=1&psc=1">View Product</a></div><div class="product"><a href="https://www.amazon.com/dp/B08VF9VYLZ?tag=eloabder-20&linkCode=osi&th=1&psc=1"><img src="https://m.media-amazon.com/images/I/41ktUSmtHAL._SL500_.jpg" alt="Product Image"></a><p>Oxford Spiral Notebooks, 6 Pack, 1 Subject, Wide Ruled Notebooks for School, 8 x 10.5 Inches, 70 Sheets, Assorted Pastel Colors, Back to School Supplies (63757)</p><p> -6% 0FF </p><p>$8.99</p><a href="https://www.amazon.com/dp/B08VF9VYLZ?tag=eloabder-20&linkCode=osi&th=1&psc=1">View Product</a></div>
<div class="product"><a href="https://www.amazon.com/dp/B0FDRCSXZH?tag=eloabder-20&linkCode=osi&th=1&psc=1"><img src="https://m.media-amazon.com/images/I/41rYztS-0zL._SL500_.jpg" alt="Product Image"></a><p>5pcs Small Note Pads, Color Notepads 5x8 College Ruled Notebook, Writing Pads 5 x 8, Legal Pads, Memo Pad Paper Perforate Narrow Ruled Notebooks for Work, School, Office Supplies,30 Sheets/Pack</p><p> -14% 0FF </p><p>$5.99</p><a href="https://www.amazon.com/dp/B0FDRCSXZH?tag=eloabder-20&linkCode=osi&th=1&psc=1">View Product</a></div><div class="product"><a href="https://www.amazon.com/dp/B0BZQNCV62?tag=eloabder-20&linkCode=osi&th=1&psc=1"><img src="https://m.media-amazon.com/images/I/41yNqvqCwoL._SL500_.jpg" alt="Product Image"></a><p>Alitte Legal Notepads 8.5 x 11, Pack of 12 - Perforated Wide Ruled Writing Pad - Premium Thick Paper, No Ink Bleeding - Blank Legal Pads For Home, Office, School, Business - 50 Sheets Per Notebook</p><p> -17% 0FF </p><p>$24.99</p><a href="https://www.amazon.com/dp/B0BZQNCV62?tag=eloabder-20&linkCode=osi&th=1&psc=1">View Product</a></div>
<div class="product"><a href="https://www.amazon.com/dp/B0C7S1PCX4?tag=eloabder-20&linkCode=osi&th=1&psc=1"><img src="https://m.media-amazon.com/images/I/41nVRBg2klL._SL500_.jpg" alt="Product Image"></a><p>Oxford 8.5 x 11 Legal Pads, 12 Pack, Wide Ruled, Yellow Paper, 50 Sheets Per Writing Pad, Made in the USA (74020)</p><p> -30% 0FF </p><p>$12.60</p><a href="https://www.amazon.com/dp/B0C7S1PCX4?tag=eloabder-20&linkCode=osi&th=1&psc=1">View Product</a></div><div class="product"><a href="https://www.amazon.com/dp/B0CGF22134?tag=eloabder-20&linkCode=osi&th=1&psc=1"><img src="https://m.media-amazon.com/images/I/41FzLgeXAyL._SL500_.jpg" alt="Product Image"></a><p>MSKKSM Legal Pads 8.5 x 11, 3 Pack Yellow Note Pads 8.5 x 11 Writing Pads, Wide Ruled Legal Notepads, Lined Pads of Paper Yellow Paper Pads, 30 Sheets Per Notepad for School, Home, Office, Business</p><p> -17% 0FF </p><p>$9.99</p><a href="https://www.amazon.com/dp/B0CGF22134?tag=eloabder-20&linkCode=osi&th=1&psc=1">View Product</a></div><div class="product"><a href="https://www.amazon.com/dp/B0FCMWHFC2?tag=eloabder-20&linkCode=osi&th=1&psc=1"><img src="https://m.media-amazon.com/images/I/41MMVFB-S4L._SL500_.jpg" alt="Product Image"></a><p>5pcs Legal Pads 8.5 x 11, Notepads 8.5 x 11 Inch, Color Note Pads Clear Print Writing Pads of Paper, Memo Pads , Perforate Legal Notepads Paper , Wide Ruled Lined with Sturdy Back,30 Sheets/Pack</p><p> -8% 0FF </p><p>$11.99</p><a href="https://www.amazon.com/dp/B0FCMWHFC2?tag=eloabder-20&linkCode=osi&th=1&psc=1">View Product</a></div>
<div class="product"><a href="https://www.amazon.com/dp/B08H593JZG?tag=eloabder-20&linkCode=osi&th=1&psc=1"><img src="https://m.media-amazon.com/images/I/415Ykzo-lyL._SL500_.jpg" alt="Product Image"></a><p>Eastern Wolf 8 Pads Sticky Notes 3x3 Self-Stick Notes 8 Bright Multi Colors Purple Sticky Notes, 85 Sheet/Pad</p><p> -20% 0FF </p><p>$5.59</p><a href="https://www.amazon.com/dp/B08H593JZG?tag=eloabder-20&linkCode=osi&th=1&psc=1">View Product</a></div><div class="product"><a href="https://www.amazon.com/dp/B0BPJW13CM?tag=eloabder-20&linkCode=osi&th=1&psc=1"><img src="https://m.media-amazon.com/images/I/41uKwTyz1rL._SL500_.jpg" alt="Product Image"></a><p>Post-it 100% Recycled Paper Super Sticky Notes, 2X The Sticking Power, 3x3 in, 5 Pads, 70 Sheets/Pad, Wanderlust Pastels Collection (654R-5SSNRP)</p><p> -33% 0FF </p><p>$5.98</p><a href="https://www.amazon.com/dp/B0BPJW13CM?tag=eloabder-20&linkCode=osi&th=1&psc=1">View Product</a></div><div class="product"><a href="https://www.amazon.com/dp/B0D6RPPK9H?tag=eloabder-20&linkCode=osi&th=1&psc=1"><img src="https://m.media-amazon.com/images/I/41O8zZ-RN4L._SL500_.jpg" alt="Product Image"></a><p>(18 Pads) Sticky Notes 3x3 inch, Self-Stick Pads Bright Colors Sticky Note, Recyclable, Easy to Post for Home, Office, Notebook</p><p> -40% 0FF </p><p>$8.39</p><a href="https://www.amazon.com/dp/B0D6RPPK9H?tag=eloabder-20&linkCode=osi&th=1&psc=1">View Product</a></div><div class="product"><a href="https://www.amazon.com/dp/B0CMGJ6FRB?tag=eloabder-20&linkCode=osi&th=1&psc=1"><img src="https://m.media-amazon.com/images/I/41xF9DqIGZL._SL500_.jpg" alt="Product Image"></a><p>Sticky Notes, 12 Pads, 3x3 inches, Soft Pastel Self-Stick Note Pads, Perfect for Office, Study, and Daily Life Organization - Soft Pastel</p><p> -16% 0FF </p><p>$5.06</p><a href="https://www.amazon.com/dp/B0CMGJ6FRB?tag=eloabder-20&linkCode=osi&th=1&psc=1">View Product</a></div>

<div class="product"><a href="https://www.amazon.com/dp/B0033J6V3A?tag=eloabder-20&linkCode=osi&th=1&psc=1"><img src="https://m.media-amazon.com/images/I/21o5ASbichL._SL500_.jpg" alt="Product Image"></a><p>NuSparc 2 Drawer Locking Filing Cabinet | Pre-Assembled Steel Construction | Space-Saving Design is Perfect for Home and Small Office | Letter-Size | Assembled in North America</p><p> -14% 0FF </p><p>$76.99</p><a href="https://www.amazon.com/dp/B0033J6V3A?tag=eloabder-20&linkCode=osi&th=1&psc=1">View Product</a></div><div class="product"><a href="https://www.amazon.com/dp/B0D9XYD75W?tag=eloabder-20&linkCode=osi&th=1&psc=1"><img src="https://m.media-amazon.com/images/I/31VM3xK++PL._SL500_.jpg" alt="Product Image"></a><p>BYNSOE 2 Drawer File Cabinet with Lock Vertical Filing Storage Cabinet Office Home Steel Vertical File Cabinets for Letter Size File Cabinet Locked,Assembly Required</p><p> -8% 0FF </p><p>$54.99</p><a href="https://www.amazon.com/dp/B0D9XYD75W?tag=eloabder-20&linkCode=osi&th=1&psc=1">View Product</a></div><div class="product"><a href="https://www.amazon.com/dp/B0989HLF81?tag=eloabder-20&linkCode=osi&th=1&psc=1"><img src="https://m.media-amazon.com/images/I/51vzgnkbcjL._SL500_.jpg" alt="Product Image"></a><p>DEVAISE 3 Drawer Mobile File Cabinet, Wood Lateral Filing Cabinet, Printer Stand with Open Shelves for Home Office, Rustic Brown</p><p> -21% 0FF </p><p>$74.99</p><a href="https://www.amazon.com/dp/B0989HLF81?tag=eloabder-20&linkCode=osi&th=1&psc=1">View Product</a></div>
<div class="product"><a href="https://www.amazon.com/dp/B00006RSQD?tag=eloabder-20&linkCode=osi&th=1&psc=1"><img src="https://m.media-amazon.com/images/I/315rez3KpeL._SL500_.jpg" alt="Product Image"></a><p>Bush Business Furniture Series C 36W Tall 5 Shelf Bookcase in Hansen Cherry, Large Storage and Display Bookshelf for Home or Professional Office</p><p> -8% 0FF </p><p>$239.49</p><a href="https://www.amazon.com/dp/B00006RSQD?tag=eloabder-20&linkCode=osi&th=1&psc=1">View Product</a></div>
<div class="product"><a href="https://www.amazon.com/dp/B09F6JPYSY?tag=eloabder-20&linkCode=osi&th=1&psc=1"><img src="https://m.media-amazon.com/images/I/51fGLH7lhHL._SL500_.jpg" alt="Product Image"></a><p>SPACELEAD Slim Storage Cart 3 Tier,Bathroom Organizer Rolling Utility,Mobile Shelving Unit Slide Out for Office, Kitchen, Laundry Room & Narrow Places,Black</p><p> -30% 0FF </p><p>$20.99</p><a href="https://www.amazon.com/dp/B09F6JPYSY?tag=eloabder-20&linkCode=osi&th=1&psc=1">View Product</a></div><div class="product"><a href="https://www.amazon.com/dp/B08KFTVGQY?tag=eloabder-20&linkCode=osi&th=1&psc=1"><img src="https://m.media-amazon.com/images/I/51BjUEmGaiL._SL500_.jpg" alt="Product Image"></a><p>SONGMICS Cube Storage Organizer, Set of 16 Plastic Cubes, Closet Organizers and Storage, Room Organization, Bedroom Living Room, 12.2 x 48.4 x 48.4 Inches, Rustic Brown ULPC442A01</p><p> -15% 0FF </p><p>$46.99</p><a href="https://www.amazon.com/dp/B08KFTVGQY?tag=eloabder-20&linkCode=osi&th=1&psc=1">View Product</a></div><div class="product"><a href="https://www.amazon.com/dp/B0DG359YX5?tag=eloabder-20&linkCode=osi&th=1&psc=1"><img src="https://m.media-amazon.com/images/I/41OBXL4HJdL._SL500_.jpg" alt="Product Image"></a><p>VIVO Clamp-on 13 inch Above or Below Desk 2-Tier Shelving Unit for Table Accessories, Gaming Devices, and More, Storage Tray, Desktop Organizer, Rustic Vintage Brown, STAND-SHELF2C-N</p><p> -20% 0FF </p><p>$39.99</p><a href="https://www.amazon.com/dp/B0DG359YX5?tag=eloabder-20&linkCode=osi&th=1&psc=1">View Product</a></div><div class="product"><a href="https://www.amazon.com/dp/B0D7S5GGP6?tag=eloabder-20&linkCode=osi&th=1&psc=1"><img src="https://m.media-amazon.com/images/I/51EriWG2BLL._SL500_.jpg" alt="Product Image"></a><p>C&AHOME Wire Cube Storage, 9 - Cube Organizer Metal C Grids, Modular Shelves Units, Closet Organizer, Ideal for Home, Office, Living Room, 36.6”L x 12.4”W x 48.4”H, Silver Gray UWCS3009G</p><p> -33% 0FF </p><p>$28.87</p><a href="https://www.amazon.com/dp/B0D7S5GGP6?tag=eloabder-20&linkCode=osi&th=1&psc=1">View Product</a></div>
<div class="product"><a href="https://www.amazon.com/dp/B0B1M6ML2J?tag=eloabder-20&linkCode=osi&th=1&psc=1"><img src="https://m.media-amazon.com/images/I/51pX2Qo38JL._SL500_.jpg" alt="Product Image"></a><p>WOWBOX 25 PCS Clear Plastic Drawer Organizer Set, 4 Sizes Desk Drawer Divider Organizers and Storage Bins for Makeup, Jewelry, Gadgets for Kitchen, Bedroom, Bathroom, Office</p><p> -35% 0FF </p><p>$16.13 ($0.65 / Count)</p><a href="https://www.amazon.com/dp/B0B1M6ML2J?tag=eloabder-20&linkCode=osi&th=1&psc=1">View Product</a></div><div class="product"><a href="https://www.amazon.com/dp/B0DB8F7GDN?tag=eloabder-20&linkCode=osi&th=1&psc=1"><img src="https://m.media-amazon.com/images/I/51iOtKHzvCL._SL500_.jpg" alt="Product Image"></a><p>OPNICE Desk Organizer and Accessories, 2-Tier Computer Monitor Stand Riser with Drawer and 2 Pen Holders, Laptop Stand, Office Desk Accessories for Office Supplies, Black</p><p> -27% 0FF </p><p>$21.99</p><a href="https://www.amazon.com/dp/B0DB8F7GDN?tag=eloabder-20&linkCode=osi&th=1&psc=1">View Product</a></div><div class="product"><a href="https://www.amazon.com/dp/B0FQ86P4M3?tag=eloabder-20&linkCode=osi&th=1&psc=1"><img src="https://m.media-amazon.com/images/I/41ZDdyGnPxL._SL500_.jpg" alt="Product Image"></a><p>Mind Reader 2-Tier Desk Organizer with Clamp, Accessory Shelf for Office or Gaming, Office, Metal, White</p><p> -5% 0FF </p><p>$37.99</p><a href="https://www.amazon.com/dp/B0FQ86P4M3?tag=eloabder-20&linkCode=osi&th=1&psc=1">View Product</a></div><div class="product"><a href="https://www.amazon.com/dp/B0BYDGF8DT?tag=eloabder-20&linkCode=osi&th=1&psc=1"><img src="https://m.media-amazon.com/images/I/51sE2GzgVNL._SL500_.jpg" alt="Product Image"></a><p>OPNICE Desk Organizer and Accessories, 4-Tier Desktop File Organizer with Drawer and 2 Pen Holders, Office Desk Accessories, Workspace Organizers for Office Supplies(Black)</p><p> -33% 0FF </p><p>$19.99</p><a href="https://www.amazon.com/dp/B0BYDGF8DT?tag=eloabder-20&linkCode=osi&th=1&psc=1">View Product</a></div><div class="product"><a href="https://www.amazon.com/dp/B0DJKSMV2T?tag=eloabder-20&linkCode=osi&th=1&psc=1"><img src="https://m.media-amazon.com/images/I/41gO3CCIg1L._SL500_.jpg" alt="Product Image"></a><p>gianotter Dual Monitor Stand Riser, Desk Organizer With Drawer and 2 Pen Holders, Computer Monitor Stand, Shelf for Top of Desk, Black</p><p> -28% 0FF </p><p>$25.99</p><a href="https://www.amazon.com/dp/B0DJKSMV2T?tag=eloabder-20&linkCode=osi&th=1&psc=1">View Product</a></div><div class="product"><a href="https://www.amazon.com/dp/B0BWTT3WK1?tag=eloabder-20&linkCode=osi&th=1&psc=1"><img src="https://m.media-amazon.com/images/I/51JTe2SjicL._SL500_.jpg" alt="Product Image"></a><p>gianotter Desk Organizers and Accessories with File Holder, 4-Tier Desk Accessories & Workspace Organizers with Drawer and 2 Pen Holder, Paper Organizer for Office Supplies (Rose Gold)</p><p> -27% 0FF </p><p>$23.99</p><a href="https://www.amazon.com/dp/B0BWTT3WK1?tag=eloabder-20&linkCode=osi&th=1&psc=1">View Product</a></div><div class="product"><a href="https://www.amazon.com/dp/B09QKDY1YY?tag=eloabder-20&linkCode=osi&th=1&psc=1"><img src="https://m.media-amazon.com/images/I/519UVM73B6L._SL500_.jpg" alt="Product Image"></a><p>Supeasy 5 Trays Paper Organizer Letter Tray with Handle-Mesh Desk File Organizer, Paper Sorter Desk Organizer for Office, Home or School</p><p> -17% 0FF </p><p>$19.99</p><a href="https://www.amazon.com/dp/B09QKDY1YY?tag=eloabder-20&linkCode=osi&th=1&psc=1">View Product</a></div><div class="product"><a href="https://www.amazon.com/dp/B08PBFKGJG?tag=eloabder-20&linkCode=osi&th=1&psc=1"><img src="https://m.media-amazon.com/images/I/61WfW0WLsqL._SL500_.jpg" alt="Product Image"></a><p>Marbrasse 6 Tier Paper Organizer Letter Tray - Mesh Desk File Organizer with Handle, Paper Sorter Organizer for Letter/A4 Office File Folder Holder - Black</p><p> -23% 0FF </p><p>$19.98</p><a href="https://www.amazon.com/dp/B08PBFKGJG?tag=eloabder-20&linkCode=osi&th=1&psc=1">View Product</a></div><div class="product"><a href="https://www.amazon.com/dp/B09K5927B5?tag=eloabder-20&linkCode=osi&th=1&psc=1"><img src="https://m.media-amazon.com/images/I/51u5tZ4jR6L._SL500_.jpg" alt="Product Image"></a><p>Marbrasse Desk Organizer with File Holder, 5-Tier Paper Letter Tray Organizer with Drawer and 2 Pen Holder, Mesh Desktop Organizer and Storage with Magazine Holder for Office Supplies(Black)</p><p> -24% 0FF </p><p>$33.99</p><a href="https://www.amazon.com/dp/B09K5927B5?tag=eloabder-20&linkCode=osi&th=1&psc=1">View Product</a></div>
<div class="product"><a href="https://www.amazon.com/dp/B0CNXF7SVS?tag=eloabder-20&linkCode=osi&th=1&psc=1"><img src="https://m.media-amazon.com/images/I/51a6EswyTZL._SL500_.jpg" alt="Product Image"></a><p>Manalete Drawer Organizers Set of 15, 4 Sizes Clear Plastic Drawer Organizers and Storage Bins for Kitchen, Bathroom, Office, Dresser Desk Drawer Organizer Tray for Jewelry, Makeup, Junk, Gadgets</p><p> -29% 0FF </p><p>$9.99</p><a href="https://www.amazon.com/dp/B0CNXF7SVS?tag=eloabder-20&linkCode=osi&th=1&psc=1">View Product</a></div><div class="product"><a href="https://www.amazon.com/dp/B0CCY5X6SS?tag=eloabder-20&linkCode=osi&th=1&psc=1"><img src="https://m.media-amazon.com/images/I/41Iye-vPXJL._SL500_.jpg" alt="Product Image"></a><p>Bamboo Drawer Organizer Set, 5 PCS Multi-Use Individual Wood Storage Organizers, Junk Drawer Divider and Storage Trays Containers for Kitchen, Bathroom, Office Desk, Makeup, Jewelry, Utensils</p><p> -20% 0FF </p><p>$19.99 ($4.00 / Count)</p><a href="https://www.amazon.com/dp/B0CCY5X6SS?tag=eloabder-20&linkCode=osi&th=1&psc=1">View Product</a></div><div class="product"><a href="https://www.amazon.com/dp/B0CCDJQ7MM?tag=eloabder-20&linkCode=osi&th=1&psc=1"><img src="https://m.media-amazon.com/images/I/51kU0WJxdsL._SL500_.jpg" alt="Product Image"></a><p>Marbrasse Expandable Desk Drawer Organizer, Mesh Drawer Organizer Tray with 10 Adjustable Compartments, Desk Organizers and Accessories, 5 Dividers Drawer for Office Supplies, Makeup & Vanity (Black)</p><p> -15% 0FF </p><p>$17.84</p><a href="https://www.amazon.com/dp/B0CCDJQ7MM?tag=eloabder-20&linkCode=osi&th=1&psc=1">View Product</a></div><div class="product"><a href="https://www.amazon.com/dp/B0DM27MBZN?tag=eloabder-20&linkCode=osi&th=1&psc=1"><img src="https://m.media-amazon.com/images/I/41hAfSMnrZL._SL500_.jpg" alt="Product Image"></a><p>ElegantArray 12 PCS Drawer Organizer Set, 4 Sizes Storage Drawer Units, Clear Plastic Makeup Vanity Organizer and Storage Bins for Makeup, Stationeries, Multiple Gadgets for Bathroom, Office, Bedroom</p><p> -31% 0FF </p><p>$8.99</p><a href="https://www.amazon.com/dp/B0DM27MBZN?tag=eloabder-20&linkCode=osi&th=1&psc=1">View Product</a></div>
<div class="product"><a href="https://www.amazon.com/dp/B0C4T42TPC?tag=eloabder-20&linkCode=osi&th=1&psc=1"><img src="https://m.media-amazon.com/images/I/318IsyAsPXL._SL500_.jpg" alt="Product Image"></a><p>Adjustable Mobile CPU Stand, Ventilated Computer Tower Stand with 4 Caster Wheels Fits Most PC Tower, Under Desk CPU Holder PC Floor Cart Computer Riser for Gamers and Students (Black)</p><p> -21% 0FF </p><p>$14.21</p><a href="https://www.amazon.com/dp/B0C4T42TPC?tag=eloabder-20&linkCode=osi&th=1&psc=1">View Product</a></div><div class="product"><a href="https://www.amazon.com/dp/B094QTGHNZ?tag=eloabder-20&linkCode=osi&th=1&psc=1"><img src="https://m.media-amazon.com/images/I/31VzBQ+jwWL._SL500_.jpg" alt="Product Image"></a><p>WALI Computer Monitor Stand for Desk, Adjustable Laptop Riser, Desk Monitor Stand Underneath Storage for Office, Home, School Supplies (STT003), 1 Pack, Black</p><p> -32% 0FF </p><p>$16.99</p><a href="https://www.amazon.com/dp/B094QTGHNZ?tag=eloabder-20&linkCode=osi&th=1&psc=1">View Product</a></div><div class="product"><a href="https://www.amazon.com/dp/B07H4DMLVH?tag=eloabder-20&linkCode=osi&th=1&psc=1"><img src="https://m.media-amazon.com/images/I/31eTfKhpSWL._SL500_.jpg" alt="Product Image"></a><p>HUANUO Monitor Stand, Monitor Stand Riser 3 Height Adjustable, Monitor Riser with Airflow Vents, Laptop Stand for Desk, Laptop Riser, Desk Organizer for Monitor, 15.6" Laptop, PC, Printer</p><p> -11% 0FF </p><p>$15.19</p><a href="https://www.amazon.com/dp/B07H4DMLVH?tag=eloabder-20&linkCode=osi&th=1&psc=1">View Product</a></div><div class="product"><a href="https://www.amazon.com/dp/B0D69W6H91?tag=eloabder-20&linkCode=osi&th=1&psc=1"><img src="https://m.media-amazon.com/images/I/51rQI+gi3lL._SL500_.jpg" alt="Product Image"></a><p>JANE EYRE Computer Tower Stand - Adjustable PC Tower Stand CPU Holder Cart with Charging Station for Office Home Classroom,23.03"-28.3" H, black</p><p> -10% 0FF </p><p>$53.99</p><a href="https://www.amazon.com/dp/B0D69W6H91?tag=eloabder-20&linkCode=osi&th=1&psc=1">View Product</a></div><div class="product"><a href="https://www.amazon.com/dp/B0C4T34L9Y?tag=eloabder-20&linkCode=osi&th=1&psc=1"><img src="https://m.media-amazon.com/images/I/51BNMGXNOEL._SL500_.jpg" alt="Product Image"></a><p>BONTEC Wooden Monitor Stand Riser, 2-Tier Desk Shelf with Storage Organizer, Ergonomic Computer Stand with Cable Management, Cellphone Holder, White, 16.5 Inch</p><p> -33% 0FF </p><p>$18.04</p><a href="https://www.amazon.com/dp/B0C4T34L9Y?tag=eloabder-20&linkCode=osi&th=1&psc=1">View Product</a></div><div class="product"><a href="https://www.amazon.com/dp/B08BRCT4JH?tag=eloabder-20&linkCode=osi&th=1&psc=1"><img src="https://m.media-amazon.com/images/I/41Ga6A+cXbL._SL500_.jpg" alt="Product Image"></a><p>BESIGN LS03 Aluminum Laptop Stand, Ergonomic Detachable Computer Stand, Notebook Riser Compatible with Air, Pro, Dell, HP, Lenovo More 10-15.6" Laptops, Silver</p><p> -25% 0FF </p><p>$14.98</p><a href="https://www.amazon.com/dp/B08BRCT4JH?tag=eloabder-20&linkCode=osi&th=1&psc=1">View Product</a></div>
<div class="product"><a href="https://www.amazon.com/dp/B07Q79ZZJ6?tag=eloabder-20&linkCode=osi&th=1&psc=1"><img src="https://m.media-amazon.com/images/I/31-LBzENQIL._SL500_.jpg" alt="Product Image"></a><p>Single LCD Computer Monitor Free-Standing Desk Stand Mount Riser for 13 inch to 32 inch screen with Swivel, Height Adjustable, Rotation, Vesa Base Stand Holds One (1) Screen up to 77Lbs(HT05B-001))</p><p> -34% 0FF </p><p>$21.99</p><a href="https://www.amazon.com/dp/B07Q79ZZJ6?tag=eloabder-20&linkCode=osi&th=1&psc=1">View Product</a></div><div class="product"><a href="https://www.amazon.com/dp/B082845XM8?tag=eloabder-20&linkCode=osi&th=1&psc=1"><img src="https://m.media-amazon.com/images/I/41uRH1B7HgL._SL500_.jpg" alt="Product Image"></a><p>Dual Monitor Stand - Vertical Stack Screen Free-Standing Monitor Riser Fits Two 13 to 34 Inch Screen with Swivel, Tilt, Height Adjustable, Holds One (1) Screen Up to 44Lbs</p><p> -5% 0FF </p><p>$31.56</p><a href="https://www.amazon.com/dp/B082845XM8?tag=eloabder-20&linkCode=osi&th=1&psc=1">View Product</a></div><div class="product"><a href="https://www.amazon.com/dp/B00X4SCCFG?tag=eloabder-20&linkCode=osi&th=1&psc=1"><img src="https://m.media-amazon.com/images/I/21X2klzUZGL._SL500_.jpg" alt="Product Image"></a><p>Amazon Basics Height Adjustable Rectangular Computer Monitor Riser Desk Stand with Storage for Reduced Neck Strain - Fits Monitors, Laptops Up to 22lbs, Black</p><p> -35% 0FF </p><p>$14.06</p><a href="https://www.amazon.com/dp/B00X4SCCFG?tag=eloabder-20&linkCode=osi&th=1&psc=1">View Product</a></div>
<div class="product"><a href="https://www.amazon.com/dp/B07HFDJCSL?tag=eloabder-20&linkCode=osi&th=1&psc=1"><img src="https://m.media-amazon.com/images/I/41DR7qY1naL._SL500_.jpg" alt="Product Image"></a><p>VIVO Large Keyboard Tray Under Desk Pull Out with Extra Sturdy C Clamp Mount System, 27 (33 Including Clamps) x 11 Inch Slide-Out Platform Computer Drawer for Typing, Black, MOUNT-KB05E</p><p> -17% 0FF </p><p>$49.99</p><a href="https://www.amazon.com/dp/B07HFDJCSL?tag=eloabder-20&linkCode=osi&th=1&psc=1">View Product</a></div><div class="product"><a href="https://www.amazon.com/dp/B082NKBM62?tag=eloabder-20&linkCode=osi&th=1&psc=1"><img src="https://m.media-amazon.com/images/I/41qQ3p9-mrL._SL500_.jpg" alt="Product Image"></a><p>HUANUO Keyboard Tray Under Desk, 360 Adjustable Ergonomic Sliding Keyboard & Mouse Tray, Under Desk Keyboard Tray Slide Out, Keyboard Holder Under Desk for Typing in Home, Office Work, 25"W x 9.84"D</p><p> -33% 0FF </p><p>$59.98</p><a href="https://www.amazon.com/dp/B082NKBM62?tag=eloabder-20&linkCode=osi&th=1&psc=1">View Product</a></div><div class="product"><a href="https://www.amazon.com/dp/B0F23GTKHL?tag=eloabder-20&linkCode=osi&th=1&psc=1"><img src="https://m.media-amazon.com/images/I/41dmHoeznDL._SL500_.jpg" alt="Product Image"></a><p>Zontera Ergonomic Mouse & Keyboard Tray Under Desk, Pull Out with Adjustable C-clamp, 20 (25.9 Including Clamps) x 11.8 Inch Slide Out Computer Keyboard Drawer Mouse Tray for Typing, Black</p><p> -7% 0FF </p><p>$25.99</p><a href="https://www.amazon.com/dp/B0F23GTKHL?tag=eloabder-20&linkCode=osi&th=1&psc=1">View Product</a></div><div class="product"><a href="https://www.amazon.com/dp/B01IIGMBVI?tag=eloabder-20&linkCode=osi&th=1&psc=1"><img src="https://m.media-amazon.com/images/I/21Vw8003F0L._SL500_.jpg" alt="Product Image"></a><p>Alera ALE Valencia Series Underdesk Keyboard/Mouse Shelf, 28w x 12d, Black</p><p> -50% 0FF </p><p>$29.22</p><a href="https://www.amazon.com/dp/B01IIGMBVI?tag=eloabder-20&linkCode=osi&th=1&psc=1">View Product</a></div>
<div class="product"><a href="https://www.amazon.com/dp/B07C3XZMC6?tag=eloabder-20&linkCode=osi&th=1&psc=1"><img src="https://m.media-amazon.com/images/I/31Eojf7glwL._SL500_.jpg" alt="Product Image"></a><p>JIKIOU 3 Pack Mouse Pad with Stitched Edge, Comfortable Mouse Pads with Non-Slip Rubber Base, Washable Mousepads Bulk with Comfortable Cloth, Mouse Pads for Computers Laptop Mouse 10.2x8.3inch Black</p><p> -29% 0FF </p><p>$7.99</p><a href="https://www.amazon.com/dp/B07C3XZMC6?tag=eloabder-20&linkCode=osi&th=1&psc=1">View Product</a></div><div class="product"><a href="https://www.amazon.com/dp/B085XRMSTT?tag=eloabder-20&linkCode=osi&th=1&psc=1"><img src="https://m.media-amazon.com/images/I/31aDSI0sFoL._SL500_.jpg" alt="Product Image"></a><p>EooCoo Ergonomic Mouse Pad with Wrist Support, Mousepad with Memory Foam Wrist Rest and Non-Slip Base for Computer, Cafe, Home & Office, 9.64 x 8.26 in Office Desk Accessories</p><p> -36% 0FF </p><p>$6.99</p><a href="https://www.amazon.com/dp/B085XRMSTT?tag=eloabder-20&linkCode=osi&th=1&psc=1">View Product</a></div>
<div class="product"><a href="https://www.amazon.com/dp/B0BRCJL4MM?tag=eloabder-20&linkCode=osi&th=1&psc=1"><img src="https://m.media-amazon.com/images/I/41sggzaNbPL._SL500_.jpg" alt="Product Image"></a><p>Led Desk Lamp for Office Home - Eye Caring Architect lamp with Clamp,Dual Screen Computer Monitor Gooseneck Smart Light: 24W 5 Color Flexible Adjustable Lighting Table Lamp for Study Drafting</p><p> -13% 0FF </p><p>$69.99</p><a href="https://www.amazon.com/dp/B0BRCJL4MM?tag=eloabder-20&linkCode=osi&th=1&psc=1">View Product</a></div><div class="product"><a href="https://www.amazon.com/dp/B0BNHNG5CY?tag=eloabder-20&linkCode=osi&th=1&psc=1"><img src="https://m.media-amazon.com/images/I/51ccmdZe2YL._SL500_.jpg" alt="Product Image"></a><p>Micomlan Led Desk Lamp with Clamp, Architect Desk Lamp for Home Office with Atmosphere Lighting, 24W Ultra Bright Auto Dimming Computer Light Stepless Dimming and Tempering LED Table Light</p><p> -27% 0FF </p><p>$49.99</p><a href="https://www.amazon.com/dp/B0BNHNG5CY?tag=eloabder-20&linkCode=osi&th=1&psc=1">View Product</a></div><div class="product"><a href="https://www.amazon.com/dp/B078W61H9P?tag=eloabder-20&linkCode=osi&th=1&psc=1"><img src="https://m.media-amazon.com/images/I/31aebwb3nqL._SL500_.jpg" alt="Product Image"></a><p>LEPOWER Metal Desk Lamp, Eye-Caring Table Lamp, Study Lamps with Flexible Goose Neck for Bedroom, Home Office (Matte Black)</p><p> -24% 0FF </p><p>$24.99</p><a href="https://www.amazon.com/dp/B078W61H9P?tag=eloabder-20&linkCode=osi&th=1&psc=1">View Product</a></div><div class="product"><a href="https://www.amazon.com/dp/B0D1DLY4H4?tag=eloabder-20&linkCode=osi&th=1&psc=1"><img src="https://m.media-amazon.com/images/I/41sKiuSIwRL._SL500_.jpg" alt="Product Image"></a><p>SKYLEO Led Desk Lamp - Desk Light for 31.5" Tall - 5 Color Modes X 11 Brightness Levels - Adjustable Swing Arm - Timmer & Memory Function - 12W Lamp for Desk - Black</p><p> -23% 0FF </p><p>$19.99</p><a href="https://www.amazon.com/dp/B0D1DLY4H4?tag=eloabder-20&linkCode=osi&th=1&psc=1">View Product</a></div><div class="product"><a href="https://www.amazon.com/dp/B0D2LGK82V?tag=eloabder-20&linkCode=osi&th=1&psc=1"><img src="https://m.media-amazon.com/images/I/41UpQ-qygDL._SL500_.jpg" alt="Product Image"></a><p>Addtam LED Desk Lamp, Power Strip with 3 Outlets 4 USB Charging Ports(2 USBC), 4 Modes 5 Level Brightness Touch Lamp, Small Desk Lamp for Home Office College Dorm Room Essentials</p><p> -23% 0FF </p><p>$16.99</p><a href="https://www.amazon.com/dp/B0D2LGK82V?tag=eloabder-20&linkCode=osi&th=1&psc=1">View Product</a></div><div class="product"><a href="https://www.amazon.com/dp/B08LMTQ7ZF?tag=eloabder-20&linkCode=osi&th=1&psc=1"><img src="https://m.media-amazon.com/images/I/21vKPX2KHML._SL500_.jpg" alt="Product Image"></a><p>Lepro LED Desk Lamp for Home Office, 9.5W 750LM Metal Touch Control Desk Light, 5 Color Modes 5 Brightness Level, Eye Caring Task Lamp For Reading, Sewing, Crafts, School Supplies, Puzzle Light, Black</p><p> -13% 0FF </p><p>$24.99</p><a href="https://www.amazon.com/dp/B08LMTQ7ZF?tag=eloabder-20&linkCode=osi&th=1&psc=1">View Product</a></div>
<div class="product"><a href="https://www.amazon.com/dp/B0D7BXNDP4?tag=eloabder-20&linkCode=osi&th=1&psc=1"><img src="https://m.media-amazon.com/images/I/41DuEunZ1+L._SL500_.jpg" alt="Product Image"></a><p>Monitor Fan with Clamp & Light Bar Desk Lamp with fan for Office mini Desk fan small quiet with lamp for PC Laptops Tablet for Home Office Portable Working Reading Stand Lamp</p><p> -5% 0FF </p><p>$15.19</p><a href="https://www.amazon.com/dp/B0D7BXNDP4?tag=eloabder-20&linkCode=osi&th=1&psc=1">View Product</a></div><div class="product"><a href="https://www.amazon.com/dp/B07K1D41DC?tag=eloabder-20&linkCode=osi&th=1&psc=1"><img src="https://m.media-amazon.com/images/I/310MAouNV-L._SL500_.jpg" alt="Product Image"></a><p>OttLite Cool Breeze LED Lamp with Bladeless Fan - 3 Speed Options & 5 Brightness Settings with Energy Efficient Natural Daylight LEDs - Desktop, Table or Nightstand Lamp for Studying or Reading</p><p> -14% 0FF </p><p>$89.98</p><a href="https://www.amazon.com/dp/B07K1D41DC?tag=eloabder-20&linkCode=osi&th=1&psc=1">View Product</a></div>
<div class="product"><a href="https://www.amazon.com/dp/B0CXSXL1F2?tag=eloabder-20&linkCode=osi&th=1&psc=1"><img src="https://m.media-amazon.com/images/I/41H6cndt7iL._SL500_.jpg" alt="Product Image"></a><p>9 Pack Lined Sticky Notes 4x6 in Post Sticky Notes with Lines, 9 Bright Colors Self Sticky Notes Pad Its, Large Ruled Sticky Note for Office, Home, 35 Sheets/Pad</p><p> -33% 0FF </p><p>$7.99</p><a href="https://www.amazon.com/dp/B0CXSXL1F2?tag=eloabder-20&linkCode=osi&th=1&psc=1">View Product</a></div><div class="product"><a href="https://www.amazon.com/dp/B019QROV9S?tag=eloabder-20&linkCode=osi&th=1&psc=1"><img src="https://m.media-amazon.com/images/I/51OsStyntzL._SL500_.jpg" alt="Product Image"></a><p>Sharpie Clear View Highlighter Sticks, Chisel Tip, Assorted Fluorescent, 8 Count - School, Home, and Office Use, Teacher Supplies</p><p> -23% 0FF </p><p>$13.86</p><a href="https://www.amazon.com/dp/B019QROV9S?tag=eloabder-20&linkCode=osi&th=1&psc=1">View Product</a></div>
<div class="product"><a href="https://www.amazon.com/dp/B082PN4X5J?tag=eloabder-20&linkCode=osi&th=1&psc=1"><img src="https://m.media-amazon.com/images/I/51o+eA8g6nL._SL500_.jpg" alt="Product Image"></a><p>Sharpie S-Gel Gel Pens, Black Barrel, Medium Point (0.7mm), Black Gel Ink Pens, 12 Count - Home, Office, School, Journaling, Writing, Note-Taking, Teacher Supplies</p><p> -14% 0FF </p><p>$11.97</p><a href="https://www.amazon.com/dp/B082PN4X5J?tag=eloabder-20&linkCode=osi&th=1&psc=1">View Product</a></div><div class="product"><a href="https://www.amazon.com/dp/B0C9W8DD9S?tag=eloabder-20&linkCode=osi&th=1&psc=1"><img src="https://m.media-amazon.com/images/I/41mdSvEwNZL._SL500_.jpg" alt="Product Image"></a><p>Ddaowanx Gel Pens, 6 Pcs 0.5mm Quick Dry Black Ink Pens Fine Point Smooth Writing Pens, Cute Office School Supplies Gifts for Women</p><p> -10% 0FF </p><p>$8.99</p><a href="https://www.amazon.com/dp/B0C9W8DD9S?tag=eloabder-20&linkCode=osi&th=1&psc=1">View Product</a></div><div class="product"><a href="https://www.amazon.com/dp/B019QBOG3U?tag=eloabder-20&linkCode=osi&th=1&psc=1"><img src="https://m.media-amazon.com/images/I/416PjSebDoL._SL500_.jpg" alt="Product Image"></a><p>Paper Mate Colorful Gel Pens - InkJoy Gel Pens Assorted Medium Point (0.7). Perfect for Vibrant Colored Writing and Sketching with Paper Mate InkJoy 14 Count</p><p> -18% 0FF </p><p>$10.31</p><a href="https://www.amazon.com/dp/B019QBOG3U?tag=eloabder-20&linkCode=osi&th=1&psc=1">View Product</a></div><div class="product"><a href="https://www.amazon.com/dp/B0C73JDN4S?tag=eloabder-20&linkCode=osi&th=1&psc=1"><img src="https://m.media-amazon.com/images/I/51DJUUxL7HL._SL500_.jpg" alt="Product Image"></a><p>Linbsunne Ballpoint Pens Black Medium Point 1mm Pen with Super Soft Grip Ball Point Pen for Men Women Retractable Pens (gold-12 pcs)</p><p> -10% 0FF </p><p>$8.99</p><a href="https://www.amazon.com/dp/B0C73JDN4S?tag=eloabder-20&linkCode=osi&th=1&psc=1">View Product</a></div><div class="product"><a href="https://www.amazon.com/dp/B001OTA66O?tag=eloabder-20&linkCode=osi&th=1&psc=1"><img src="https://m.media-amazon.com/images/I/41yS5tBZQLL._SL500_.jpg" alt="Product Image"></a><p>BIC Glide Black Retractable Ballpoint Pens, Medium Point (1.0mm), 4-Count Pack, Ultra Smooth Writing Black Pens</p><p> -40% 0FF </p><p>$2.99</p><a href="https://www.amazon.com/dp/B001OTA66O?tag=eloabder-20&linkCode=osi&th=1&psc=1">View Product</a></div>
<div class="product"><a href="https://www.amazon.com/dp/B002HVXXCW?tag=eloabder-20&linkCode=osi&th=1&psc=1"><img src="https://m.media-amazon.com/images/I/41JeEedXCeL._SL500_.jpg" alt="Product Image"></a><p>Ticonderoga Wood-Cased Pencils, Pre-Sharpened, 2 HB Soft, Yellow, 10 Count</p><p> -58% 0FF </p><p>$2.49</p><a href="https://www.amazon.com/dp/B002HVXXCW?tag=eloabder-20&linkCode=osi&th=1&psc=1">View Product</a></div><div class="product"><a href="https://www.amazon.com/dp/B077Q4B6YN?tag=eloabder-20&linkCode=osi&th=1&psc=1"><img src="https://m.media-amazon.com/images/I/4160YcHGDNL._SL500_.jpg" alt="Product Image"></a><p>Paper Mate 2017483 Mechanical Pencils for Handwriting, Triangular, 5/PK, AST</p><p> -45% 0FF </p><p>$3.47</p><a href="https://www.amazon.com/dp/B077Q4B6YN?tag=eloabder-20&linkCode=osi&th=1&psc=1">View Product</a></div>
<div class="product"><a href="https://www.amazon.com/dp/B0D7YTZNRF?tag=eloabder-20&linkCode=osi&th=1&psc=1"><img src="https://m.media-amazon.com/images/I/41hSbSlNAmL._SL500_.jpg" alt="Product Image"></a><p>YASNAY Alcohol Markers, 48 Colors Dual Tip Art Marker, Drawing Markers, Coloring Marker for Kids Sketching Adult Coloring</p><p> -27% 0FF </p><p>$10.99</p><a href="https://www.amazon.com/dp/B0D7YTZNRF?tag=eloabder-20&linkCode=osi&th=1&psc=1">View Product</a></div><div class="product"><a href="https://www.amazon.com/dp/B07CJ8QXF8?tag=eloabder-20&linkCode=osi&th=1&psc=1"><img src="https://m.media-amazon.com/images/I/51bChi4-H4L._SL500_.jpg" alt="Product Image"></a><p>Dual Markers Brush Pens, 36 Fine Point Art Marker, Double Tip Colored Pen for Adult Coloring Hand Lettering, School Classroom Art Suppliers</p><p> -20% 0FF </p><p>$7.98</p><a href="https://www.amazon.com/dp/B07CJ8QXF8?tag=eloabder-20&linkCode=osi&th=1&psc=1">View Product</a></div><div class="product"><a href="https://www.amazon.com/dp/B071CP6X88?tag=eloabder-20&linkCode=osi&th=1&psc=1"><img src="https://m.media-amazon.com/images/I/41sNeEYkTNL._SL500_.jpg" alt="Product Image"></a><p>Crayola Super Tips Marker Set for Kids (100ct), Broad Tip & Fine Point Washable Art Markers for Kids, Bulk School Supplies, Teacher Classroom Must Haves, Drawing Supplies</p><p> -19% 0FF </p><p>$16.29</p><a href="https://www.amazon.com/dp/B071CP6X88?tag=eloabder-20&linkCode=osi&th=1&psc=1">View Product</a></div><div class="product"><a href="https://www.amazon.com/dp/B08MBFPFCQ?tag=eloabder-20&linkCode=osi&th=1&psc=1"><img src="https://m.media-amazon.com/images/I/51DaGL7Z4oL._SL500_.jpg" alt="Product Image"></a><p>Sharpie Permanent Markers Variety Pack, Includes Chisel, Fine, and Ultra-Fine Tips, Marker Set, Writing, Coloring, Poster, Office, School Supplies, Black, 6 Count</p><p> -19% 0FF </p><p>$4.63 ($0.77 / Count)</p><a href="https://www.amazon.com/dp/B08MBFPFCQ?tag=eloabder-20&linkCode=osi&th=1&psc=1">View Product</a></div>
<div class="product"><a href="https://www.amazon.com/dp/B09Y2KJ2KX?tag=eloabder-20&linkCode=osi&th=1&psc=1"><img src="https://m.media-amazon.com/images/I/41EhQr7suML._SL500_.jpg" alt="Product Image"></a><p>Sharpie Pocket Highlighters, Mild Pastel Colors, Assorted, Chisel Tip, 12 Count - School, Home, and Office Use, Teacher Supplies</p><p> -22% 0FF </p><p>$7.76 ($0.65 / Count)</p><a href="https://www.amazon.com/dp/B09Y2KJ2KX?tag=eloabder-20&linkCode=osi&th=1&psc=1">View Product</a></div><div class="product"><a href="https://www.amazon.com/dp/B08698MJWT?tag=eloabder-20&linkCode=osi&th=1&psc=1"><img src="https://m.media-amazon.com/images/I/512N7aYt5oL._SL500_.jpg" alt="Product Image"></a><p>Sharpie S-Note Creative Markers, Pastel Highlighters, Art Marker Set, Assorted Colors, Chisel Tip, 24 Count - School, Home, and Office Use, Teacher Supplies</p><p> -60% 0FF </p><p>$8.83</p><a href="https://www.amazon.com/dp/B08698MJWT?tag=eloabder-20&linkCode=osi&th=1&psc=1">View Product</a></div>
<div class="product"><a href="https://www.amazon.com/dp/B097DPQPYN?tag=eloabder-20&linkCode=osi&th=1&psc=1"><img src="https://m.media-amazon.com/images/I/51nFyQPtfkL._SL500_.jpg" alt="Product Image"></a><p>Sonuimy Pencil Sharpeners, 4 Pcs Pencil Sharpeners Manual,Dual Holes Compact Colored Handheld Pencil Sharpener for Kids with Lid Adults Students School Class Home Office (Covered)</p><p> -13% 0FF </p><p>$4.49</p><a href="https://www.amazon.com/dp/B097DPQPYN?tag=eloabder-20&linkCode=osi&th=1&psc=1">View Product</a></div><div class="product"><a href="https://www.amazon.com/dp/B000MFN1G8?tag=eloabder-20&linkCode=osi&th=1&psc=1"><img src="https://m.media-amazon.com/images/I/41JPflroUEL._SL500_.jpg" alt="Product Image"></a><p>Compact Desktop Electric Pencil Sharpener, Black, Sold as 1 Each</p><p> -21% 0FF </p><p>$15.89</p><a href="https://www.amazon.com/dp/B000MFN1G8?tag=eloabder-20&linkCode=osi&th=1&psc=1">View Product</a></div><div class="product"><a href="https://www.amazon.com/dp/B00125KXGI?tag=eloabder-20&linkCode=osi&th=1&psc=1"><img src="https://m.media-amazon.com/images/I/51avY0bZv6L._SL500_.jpg" alt="Product Image"></a><p>Bostitch Office Personal Electric Pencil Sharpener, Powerful Stall-Free Motor, High Capacity Shavings Tray, Blue</p><p> -13% 0FF </p><p>$17.48</p><a href="https://www.amazon.com/dp/B00125KXGI?tag=eloabder-20&linkCode=osi&th=1&psc=1">View Product</a></div><div class="product"><a href="https://www.amazon.com/dp/B078DZY9Z5?tag=eloabder-20&linkCode=osi&th=1&psc=1"><img src="https://m.media-amazon.com/images/I/41KbUFGrXfL._SL500_.jpg" alt="Product Image"></a><p>JARLINK Electric Pencil Sharpener, Heavy-Duty Helical Blade to Fast Sharpen, Auto Stop for No.2/Colored Pencils(6-8mm), AC Adapter/Battery Operated in School Classroom/Office/Home (Black)</p><p> -21% 0FF </p><p>$16.98</p><a href="https://www.amazon.com/dp/B078DZY9Z5?tag=eloabder-20&linkCode=osi&th=1&psc=1">View Product</a></div><div class="product"><a href="https://www.amazon.com/dp/B08DLXH86D?tag=eloabder-20&linkCode=osi&th=1&psc=1"><img src="https://m.media-amazon.com/images/I/41UghsnBycL._SL500_.jpg" alt="Product Image"></a><p>Aogwat Pencil Sharpener Electric Pencil Sharpener for Kids, Blade to Fast Sharpen, Suitable for No.2/School/Classroom/Office/Home (Black)</p><p> -23% 0FF </p><p>$9.99</p><a href="https://www.amazon.com/dp/B08DLXH86D?tag=eloabder-20&linkCode=osi&th=1&psc=1">View Product</a></div><div class="product"><a href="https://www.amazon.com/dp/B000GP0VIU?tag=eloabder-20&linkCode=osi&th=1&psc=1"><img src="https://m.media-amazon.com/images/I/318OKKSwzbL._SL500_.jpg" alt="Product Image"></a><p>Bostitch Office Wall Mount Manual Pencil Sharpener, Tip Saver, 8 Hole Dial, 6X Longer Cutter Life, Vertical or Horizontal Mounting Black (MPS1-BLK)</p><p> -9% 0FF </p><p>$13.18</p><a href="https://www.amazon.com/dp/B000GP0VIU?tag=eloabder-20&linkCode=osi&th=1&psc=1">View Product</a></div>
<div class="product"><a href="https://www.amazon.com/dp/B00094H4LU?tag=eloabder-20&linkCode=osi&th=1&psc=1"><img src="https://m.media-amazon.com/images/I/41f-fbZYU1L._SL500_.jpg" alt="Product Image"></a><p>Paper Mate Erasers | Pink Pearl Large Erasers 12 Count</p><p> -55% 0FF </p><p>$6.03</p><a href="https://www.amazon.com/dp/B00094H4LU?tag=eloabder-20&linkCode=osi&th=1&psc=1">View Product</a></div><div class="product"><a href="https://www.amazon.com/dp/B07DPVVMWB?tag=eloabder-20&linkCode=osi&th=1&psc=1"><img src="https://m.media-amazon.com/images/I/51wLlsENgiL._SL500_.jpg" alt="Product Image"></a><p>Mr. Pen Erasers for Pencils, 120 Pack, Pencil Top Erasers, Eraser Caps, Cap Tops, Topper Erasers. Ereaser</p><p> -24% 0FF </p><p>$5.95</p><a href="https://www.amazon.com/dp/B07DPVVMWB?tag=eloabder-20&linkCode=osi&th=1&psc=1">View Product</a></div><div class="product"><a href="https://www.amazon.com/dp/B07144DC8V?tag=eloabder-20&linkCode=osi&th=1&psc=1"><img src="https://m.media-amazon.com/images/I/51Ed1+HW9cL._SL500_.jpg" alt="Product Image"></a><p>Pentel Hi-Polymer Block Eraser, White, 10/Box (ZEH10PC10)</p><p> -44% 0FF </p><p>$9.99</p><a href="https://www.amazon.com/dp/B07144DC8V?tag=eloabder-20&linkCode=osi&th=1&psc=1">View Product</a></div><div class="product"><a href="https://www.amazon.com/dp/B0047CT6SE?tag=eloabder-20&linkCode=osi&th=1&psc=1"><img src="https://m.media-amazon.com/images/I/41bhWXKeeiL._SL500_.jpg" alt="Product Image"></a><p>Pentel Clic Retractable Eraser with Grip, 3 Pack</p><p> -29% 0FF </p><p>$4.77</p><a href="https://www.amazon.com/dp/B0047CT6SE?tag=eloabder-20&linkCode=osi&th=1&psc=1">View Product</a></div>
<div class="product"><a href="https://www.amazon.com/dp/B09S9X3HV7?tag=eloabder-20&linkCode=osi&th=1&psc=1"><img src="https://m.media-amazon.com/images/I/51GgMyfl5VL._SL500_.jpg" alt="Product Image"></a><p>Color Transparent Ruler Plastic Rulers - Ruler 12 inch, Kids Ruler for School, Ruler with Centimeters, Millimeter and Inches, Assorted Colors, Clear Rulers, 7 Pack School Rulers</p><p> -16% 0FF </p><p>$5.99</p><a href="https://www.amazon.com/dp/B09S9X3HV7?tag=eloabder-20&linkCode=osi&th=1&psc=1">View Product</a></div><div class="product"><a href="https://www.amazon.com/dp/B06XK9VQM4?tag=eloabder-20&linkCode=osi&th=1&psc=1"><img src="https://m.media-amazon.com/images/I/51Glln3n-nL._SL500_.jpg" alt="Product Image"></a><p>Outus 12 Pack Wood Ruler Bulk for Students Wooden School Rulers Gifts Office Classroom Measuring, 2 Scale, 12 Inch and 30 cm</p><p> -6% 0FF </p><p>$7.99</p><a href="https://www.amazon.com/dp/B06XK9VQM4?tag=eloabder-20&linkCode=osi&th=1&psc=1">View Product</a></div><div class="product"><a href="https://www.amazon.com/dp/B0B5MLTG7J?tag=eloabder-20&linkCode=osi&th=1&psc=1"><img src="https://m.media-amazon.com/images/I/51z9LUxLKmL._SL500_.jpg" alt="Product Image"></a><p>DAGONGREN 30 Pack Clear Plastic Rulers 12 Inch,Transparent Assorted Color Metric Bulk Rulers with Inches and Centimeters,Kids Ruler for School,Home,Office</p><p> -9% 0FF </p><p>$9.99</p><a href="https://www.amazon.com/dp/B0B5MLTG7J?tag=eloabder-20&linkCode=osi&th=1&psc=1">View Product</a></div><div class="product"><a href="https://www.amazon.com/dp/B096MPPF53?tag=eloabder-20&linkCode=osi&th=1&psc=1"><img src="https://m.media-amazon.com/images/I/51qUpElDRcS._SL500_.jpg" alt="Product Image"></a><p>Tenare 1 Set Plastic Clear Math Set Includes Protractor Triangle Rulers 12 Inch 6 Inch Straight Geometry Math Transparent Ruler Measuring Tool for School Office Home Supplies(Clear)</p><p> -25% 0FF </p><p>$5.98</p><a href="https://www.amazon.com/dp/B096MPPF53?tag=eloabder-20&linkCode=osi&th=1&psc=1">View Product</a></div>
<div class="product"><a href="https://www.amazon.com/dp/B07YDDX4JL?tag=eloabder-20&linkCode=osi&th=1&psc=1"><img src="https://m.media-amazon.com/images/I/41oBPZwCRLL._SL500_.jpg" alt="Product Image"></a><p>3-Pack 8" Heavy Duty Scissors with Ultra Sharp Blades and Comfort Grip Handles - For Office, Home, School, Sewing, and Crafts</p><p> -15% 0FF </p><p>$8.49 ($2.83 / Count)</p><a href="https://www.amazon.com/dp/B07YDDX4JL?tag=eloabder-20&linkCode=osi&th=1&psc=1">View Product</a></div><div class="product"><a href="https://www.amazon.com/dp/B01BRGU8R0?tag=eloabder-20&linkCode=osi&th=1&psc=1"><img src="https://m.media-amazon.com/images/I/41ANVra+eNL._SL500_.jpg" alt="Product Image"></a><p>Amazon Basics Stainless Steel Scissors for Office, Crafts, Multipurpose, Sharp, Comfort Grip, PVD Coated, 3 Pack, Multicolor</p><p> -45% 0FF </p><p>$7.55</p><a href="https://www.amazon.com/dp/B01BRGU8R0?tag=eloabder-20&linkCode=osi&th=1&psc=1">View Product</a></div><div class="product"><a href="https://www.amazon.com/dp/B000P0LNRE?tag=eloabder-20&linkCode=osi&th=1&psc=1"><img src="https://m.media-amazon.com/images/I/41fWgMTO0JL._SL500_.jpg" alt="Product Image"></a><p>Westcott 8-Inch Titanium-Bonded Scissors with Adjustable Glide Feature for Office and Home - Gray/Yellow, 2-Pack</p><p> -33% 0FF </p><p>$9.97</p><a href="https://www.amazon.com/dp/B000P0LNRE?tag=eloabder-20&linkCode=osi&th=1&psc=1">View Product</a></div>
<div class="product"><a href="https://www.amazon.com/dp/B074ZRZ4CZ?tag=eloabder-20&linkCode=osi&th=1&psc=1"><img src="https://m.media-amazon.com/images/I/41bu+HKxC2L._SL500_.jpg" alt="Product Image"></a><p>Swingline Commercial Stapler, 20 Sheet Capacity, Jam Free, Metal, 2 Pack, Black (44401AZ)</p><p> -5% 0FF </p><p>$18.98</p><a href="https://www.amazon.com/dp/B074ZRZ4CZ?tag=eloabder-20&linkCode=osi&th=1&psc=1">View Product</a></div><div class="product"><a href="https://www.amazon.com/dp/B001PME62K?tag=eloabder-20&linkCode=osi&th=1&psc=1"><img src="https://m.media-amazon.com/images/I/41gbaJu-3iL._SL500_.jpg" alt="Product Image"></a><p>Swingline Stapler, 40 Sheet Capacity, Optima 40, Jam Free, Reduced Effort, Soft Grip, Metal, Orange and Gray (87845)</p><p> -14% 0FF </p><p>$24.19</p><a href="https://www.amazon.com/dp/B001PME62K?tag=eloabder-20&linkCode=osi&th=1&psc=1">View Product</a></div><div class="product"><a href="https://www.amazon.com/dp/B0D2JBKYM1?tag=eloabder-20&linkCode=osi&th=1&psc=1"><img src="https://m.media-amazon.com/images/I/41zFTU9QpfL._SL500_.jpg" alt="Product Image"></a><p>Bostitch Office Stapler, No-Jam Premium for Desktop, Includes 1,250 Staples, Full-Strip, 25 Sheet Capacity, Black</p><p> -26% 0FF </p><p>$6.99</p><a href="https://www.amazon.com/dp/B0D2JBKYM1?tag=eloabder-20&linkCode=osi&th=1&psc=1">View Product</a></div><div class="product"><a href="https://www.amazon.com/dp/B0CC5GJKM1?tag=eloabder-20&linkCode=osi&th=1&psc=1"><img src="https://m.media-amazon.com/images/I/41JDDoSZQiL._SL500_.jpg" alt="Product Image"></a><p>Metal Stapler Heavy Duty 50 Sheet Capacity with 1750 Staples and Staple Remover, Full Strip Staplers for Desk, No Jam, Non-Slip for Office & Classroom, Black</p><p> -33% 0FF </p><p>$13.29</p><a href="https://www.amazon.com/dp/B0CC5GJKM1?tag=eloabder-20&linkCode=osi&th=1&psc=1">View Product</a></div><div class="product"><a href="https://www.amazon.com/dp/B0006HUQZ6?tag=eloabder-20&linkCode=osi&th=1&psc=1"><img src="https://m.media-amazon.com/images/I/31e-T-f1TGL._SL500_.jpg" alt="Product Image"></a><p>Swingline Stapler, 30 Sheet Capacity, 747 Business Stapler, Jam Free, Metal, Rio Red (74736)</p><p> -23% 0FF </p><p>$15.30</p><a href="https://www.amazon.com/dp/B0006HUQZ6?tag=eloabder-20&linkCode=osi&th=1&psc=1">View Product</a></div>
<div class="product"><a href="https://www.amazon.com/dp/B00J8PJJF0?tag=eloabder-20&linkCode=osi&th=1&psc=1"><img src="https://m.media-amazon.com/images/I/418dc+5ZGkL._SL500_.jpg" alt="Product Image"></a><p>Bostitch Office Premium Standard Staples, 1/4" Full Strip, Box of 5,000 Staples</p><p> -27% 0FF </p><p>$4.39</p><a href="https://www.amazon.com/dp/B00J8PJJF0?tag=eloabder-20&linkCode=osi&th=1&psc=1">View Product</a></div><div class="product"><a href="https://www.amazon.com/dp/B079VYR12V?tag=eloabder-20&linkCode=osi&th=1&psc=1"><img src="https://m.media-amazon.com/images/I/51xAt88vqrL._SL500_.jpg" alt="Product Image"></a><p>Officemate Standard Staples, 10 Boxes General Purpose Staple (91950)</p><p> -10% 0FF </p><p>$14.37</p><a href="https://www.amazon.com/dp/B079VYR12V?tag=eloabder-20&linkCode=osi&th=1&psc=1">View Product</a></div><div class="product"><a href="https://www.amazon.com/dp/B00006IFMQ?tag=eloabder-20&linkCode=osi&th=1&psc=1"><img src="https://m.media-amazon.com/images/I/51UsWZuFq8L._SL500_.jpg" alt="Product Image"></a><p>Bostitch Office B8 PowerCrown 0.25 Inch Staples, Pack of 5,000 Staples (STCRP21151/4), Silver</p><p> -30% 0FF </p><p>$2.33</p><a href="https://www.amazon.com/dp/B00006IFMQ?tag=eloabder-20&linkCode=osi&th=1&psc=1">View Product</a></div>
<div class="product"><a href="https://www.amazon.com/dp/B000J07BRQ?tag=eloabder-20&linkCode=osi&th=1&psc=1"><img src="https://m.media-amazon.com/images/I/51QpJKjajbL._SL500_.jpg" alt="Product Image"></a><p>Scotch Heavy Duty Shipping Packing Tape, Clear, Packing Tape for Moving Boxes and Packaging Supplies, 1.88 in. x 22.2 yd., 6 Roll Dispensers, Moving Supplies</p><p> -35% 0FF </p><p>$12.99</p><a href="https://www.amazon.com/dp/B000J07BRQ?tag=eloabder-20&linkCode=osi&th=1&psc=1">View Product</a></div><div class="product"><a href="https://www.amazon.com/dp/B0000DH8HQ?tag=eloabder-20&linkCode=osi&th=1&psc=1"><img src="https://m.media-amazon.com/images/I/414lAY+087L._SL500_.jpg" alt="Product Image"></a><p>Scotch Magic Tape, Invisible Transparent Tape, 6 Tape Rolls with Dispensers, 3/4 in x 650 in</p><p> -23% 0FF </p><p>$12.34</p><a href="https://www.amazon.com/dp/B0000DH8HQ?tag=eloabder-20&linkCode=osi&th=1&psc=1">View Product</a></div><div class="product"><a href="https://www.amazon.com/dp/B0DQHV6X92?tag=eloabder-20&linkCode=osi&th=1&psc=1"><img src="https://m.media-amazon.com/images/I/51ViCFlgldL._SL500_.jpg" alt="Product Image"></a><p>BeataTap Tape, Invisible Tape, 6 Rolls + 6 Refillable Dispensers, Matte Finish, Writable, 3/4″ x 650″, Transparent Tape, Clear Tape for Gift Wrapping Paper, School Supplies</p><p> -15% 0FF </p><p>$5.94 ($0.99 / Count)</p><a href="https://www.amazon.com/dp/B0DQHV6X92?tag=eloabder-20&linkCode=osi&th=1&psc=1">View Product</a></div><div class="product"><a href="https://www.amazon.com/dp/B07CB6LN5S?tag=eloabder-20&linkCode=osi&th=1&psc=1"><img src="https://m.media-amazon.com/images/I/41NNyeISnjL._SL500_.jpg" alt="Product Image"></a><p>Scotch Super-Hold Tape, 2 Rolls, Transparent Finish, 50% More Adhesive, Trusted Favorite, 3/4 x 600 Inches, Dispensered (198DM-2)</p><p> -30% 0FF </p><p>$5.97</p><a href="https://www.amazon.com/dp/B07CB6LN5S?tag=eloabder-20&linkCode=osi&th=1&psc=1">View Product</a></div><div class="product"><a href="https://www.amazon.com/dp/B00464740A?tag=eloabder-20&linkCode=osi&th=1&psc=1"><img src="https://m.media-amazon.com/images/I/51ZPFoiGfuL._SL500_.jpg" alt="Product Image"></a><p>Scotch Sure Start Shipping Packaging Tape, 1.88" x 22.2 yd, Designed for Packing, Shipping and Mailing, Quiet Unwind, No Splitting or Tearing, 1.5" Core, Clear, 6 Dispensered Rolls (145-6)</p><p> -28% 0FF </p><p>$13.48</p><a href="https://www.amazon.com/dp/B00464740A?tag=eloabder-20&linkCode=osi&th=1&psc=1">View Product</a></div><div class="product"><a href="https://www.amazon.com/dp/B09C6LLG9P?tag=eloabder-20&linkCode=osi&th=1&psc=1"><img src="https://m.media-amazon.com/images/I/41rbv66ZNBL._SL500_.jpg" alt="Product Image"></a><p>Scotch Box Lock Packaging Tape, 1 Roll with Dispenser, 1.88 in x 1000 in, Extreme Grip, Sticks Instantly to Any Box (195L)</p><p> -31% 0FF </p><p>$4.12</p><a href="https://www.amazon.com/dp/B09C6LLG9P?tag=eloabder-20&linkCode=osi&th=1&psc=1">View Product</a></div>
<div class="product"><a href="https://www.amazon.com/dp/B08QQZ71CV?tag=eloabder-20&linkCode=osi&th=1&psc=1"><img src="https://m.media-amazon.com/images/I/51Foz0aGYoS._SL500_.jpg" alt="Product Image"></a><p>Gorilla Super Glue, Clear Glue, Four 3 Gram Tubes (Pack of 1) - All Purpose and Fast Setting for Projects and Repairs</p><p> -25% 0FF </p><p>$9.49 ($22.60 / Ounce)</p><a href="https://www.amazon.com/dp/B08QQZ71CV?tag=eloabder-20&linkCode=osi&th=1&psc=1">View Product</a></div><div class="product"><a href="https://www.amazon.com/dp/B07J6R3GK7?tag=eloabder-20&linkCode=osi&th=1&psc=1"><img src="https://m.media-amazon.com/images/I/31kdOjGBkpL._SL500_.jpg" alt="Product Image"></a><p>Amazon Basics All Purpose Washable School Clear Liquid Glue - Great for Making Slime, 128 fl oz</p><p> -6% 0FF </p><p>$16.13</p><a href="https://www.amazon.com/dp/B07J6R3GK7?tag=eloabder-20&linkCode=osi&th=1&psc=1">View Product</a></div><div class="product"><a href="https://www.amazon.com/dp/B00178QQJ8?tag=eloabder-20&linkCode=osi&th=1&psc=1"><img src="https://m.media-amazon.com/images/I/41zs6k410RL._SL500_.jpg" alt="Product Image"></a><p>Mod Podge Gloss Sealer, Glue & Finish: All-in-One Craft Solution- Quick Dry, Easy Clean, for Wood, Paper, Fabric & More. Non-Toxic - Craft with Confidence, Made in USA, 16 oz., Pack of 1</p><p> -36% 0FF </p><p>$7.99 ($0.50 / Fl Oz)</p><a href="https://www.amazon.com/dp/B00178QQJ8?tag=eloabder-20&linkCode=osi&th=1&psc=1">View Product</a></div><div class="product"><a href="https://www.amazon.com/dp/B073V14DZJ?tag=eloabder-20&linkCode=osi&th=1&psc=1"><img src="https://m.media-amazon.com/images/I/31Iyy5+vk6L._SL500_.jpg" alt="Product Image"></a><p>Amazon Basics All Purpose Washable School Craft Liquid Glue for Making Slime, White, Single Pack, 1 Gallon</p><p> -7% 0FF </p><p>$15.54</p><a href="https://www.amazon.com/dp/B073V14DZJ?tag=eloabder-20&linkCode=osi&th=1&psc=1">View Product</a></div><div class="product"><a href="https://www.amazon.com/dp/B0006HUJCQ?tag=eloabder-20&linkCode=osi&th=1&psc=1"><img src="https://m.media-amazon.com/images/I/511pTqChTCL._SL500_.jpg" alt="Product Image"></a><p>Loctite Super Glue Gel Control, Clear, 0.14 fl oz Bottle, 1 Pack - Superglue for Plastic, Wood, Metal, Crafts & Repair, Cyanoacrylate Adhesive Instant Glue, Quick Dry</p><p> -13% 0FF </p><p>$3.64 ($26.00 / Fl Oz)</p><a href="https://www.amazon.com/dp/B0006HUJCQ?tag=eloabder-20&linkCode=osi&th=1&psc=1">View Product</a></div>
<div class="product"><a href="https://www.amazon.com/dp/B074XTRX7K?tag=eloabder-20&linkCode=osi&th=1&psc=1"><img src="https://m.media-amazon.com/images/I/31rOPIrMfDL._SL500_.jpg" alt="Product Image"></a><p>Amazon Basics Sturdy Binder Clips for Office Use, 96 Count (8 Pack of 12), Medium, 1.25 in, Black</p><p> -26% 0FF </p><p>$7.48</p><a href="https://www.amazon.com/dp/B074XTRX7K?tag=eloabder-20&linkCode=osi&th=1&psc=1">View Product</a></div><div class="product"><a href="https://www.amazon.com/dp/B00TQ8FDB8?tag=eloabder-20&linkCode=osi&th=1&psc=1"><img src="https://m.media-amazon.com/images/I/51y7lUrMLnL._SL500_.jpg" alt="Product Image"></a><p>ACCO Binder Clips, Medium, Black, 12 per Box, 2 Boxes (72062)</p><p> -25% 0FF </p><p>$5.96</p><a href="https://www.amazon.com/dp/B00TQ8FDB8?tag=eloabder-20&linkCode=osi&th=1&psc=1">View Product</a></div><div class="product"><a href="https://www.amazon.com/dp/B08KWCDP3C?tag=eloabder-20&linkCode=osi&th=1&psc=1"><img src="https://m.media-amazon.com/images/I/41qucDz6HuL._SL500_.jpg" alt="Product Image"></a><p>Ufmarine Medium Binder Clips 1.25 inch Length, (40 Pcs) Colorful Paper Clips Medium for Office</p><p> -12% 0FF </p><p>$5.99</p><a href="https://www.amazon.com/dp/B08KWCDP3C?tag=eloabder-20&linkCode=osi&th=1&psc=1">View Product</a></div>
<div class="product"><a href="https://www.amazon.com/dp/B09XQLJFDD?tag=eloabder-20&linkCode=osi&th=1&psc=1"><img src="https://m.media-amazon.com/images/I/41iiSFMy4uL._SL500_.jpg" alt="Product Image"></a><p>PAPERPAL Paperclips for Office School & Personal Use, #1 Nonskid Paper Clip (1-2/7"), 600 Medium Paper Clips (6 Boxes of 100 Each), Silver</p><p> -20% 0FF </p><p>$7.99</p><a href="https://www.amazon.com/dp/B09XQLJFDD?tag=eloabder-20&linkCode=osi&th=1&psc=1">View Product</a></div>

<div class="product"><a href="https://www.amazon.com/dp/B004I2G8NO?tag=eloabder-20&linkCode=osi&th=1&psc=1"><img src="https://m.media-amazon.com/images/I/51WEsLRINGL._SL500_.jpg" alt="Product Image"></a><p>Business Source Rubber Band, Natural (1914LB)</p><p> -26% 0FF </p><p>$4.00</p><a href="https://www.amazon.com/dp/B004I2G8NO?tag=eloabder-20&linkCode=osi&th=1&psc=1">View Product</a></div><div class="product"><a href="https://www.amazon.com/dp/B077GDY1LP?tag=eloabder-20&linkCode=osi&th=1&psc=1"><img src="https://m.media-amazon.com/images/I/41nn0nmNTiL._SL500_.jpg" alt="Product Image"></a><p>ANNIE 1000 RUBBER BANDS 1/2" #BLACK</p><p> -7% 0FF </p><p>$4.90 ($1.22 / Count)</p><a href="https://www.amazon.com/dp/B077GDY1LP?tag=eloabder-20&linkCode=osi&th=1&psc=1">View Product</a></div><div class="product"><a href="https://www.amazon.com/dp/B000783OPI?tag=eloabder-20&linkCode=osi&th=1&psc=1"><img src="https://m.media-amazon.com/images/I/510okXKzMqL._SL500_.jpg" alt="Product Image"></a><p>Universal 00419 19-Size Rubber Bands (335 Per Pack), Beige</p><p> -29% 0FF </p><p>$3.44</p><a href="https://www.amazon.com/dp/B000783OPI?tag=eloabder-20&linkCode=osi&th=1&psc=1">View Product</a></div><div class="product"><a href="https://www.amazon.com/dp/B00006IBRU?tag=eloabder-20&linkCode=osi&th=1&psc=1"><img src="https://m.media-amazon.com/images/I/51pU5khkX8L._SL500_.jpg" alt="Product Image"></a><p>ALL26335 - Alliance Rubber 26335 Advantage Rubber Bands - Size #33, Natural, 1 Pound 3 x 1/8 inches</p><p> -62% 0FF </p><p>$3.29</p><a href="https://www.amazon.com/dp/B00006IBRU?tag=eloabder-20&linkCode=osi&th=1&psc=1">View Product</a></div>
<div class="product"><a href="https://www.amazon.com/dp/B0DSKTZBB6?tag=eloabder-20&linkCode=osi&th=1&psc=1"><img src="https://m.media-amazon.com/images/I/415YD3kNFlL._SL500_.jpg" alt="Product Image"></a><p>300 Count Colored Index Cards 3 x 5 Inch Ruled Index Cards, Flash Cards College Ruled for School, College, Office and Home Organization, Durable Study To Do List Note Cards with Ruled Lines</p><p> -10% 0FF </p><p>$6.29</p><a href="https://www.amazon.com/dp/B0DSKTZBB6?tag=eloabder-20&linkCode=osi&th=1&psc=1">View Product</a></div><div class="product"><a href="https://www.amazon.com/dp/B09JYQZQ3V?tag=eloabder-20&linkCode=osi&th=1&psc=1"><img src="https://m.media-amazon.com/images/I/41y5vfnutuL._SL500_.jpg" alt="Product Image"></a><p>Oxford Index Cards, 3 x 5 Inches, White, Lined on Front, Blank on Back, Flashcards for School and Studying, Recipe Note Cards, 500 Count (5 Packs of 100) (40176)</p><p> -22% 0FF </p><p>$7.01</p><a href="https://www.amazon.com/dp/B09JYQZQ3V?tag=eloabder-20&linkCode=osi&th=1&psc=1">View Product</a></div>
<div class="product"><a href="https://www.amazon.com/dp/B00P9U2EM8?tag=eloabder-20&linkCode=osi&th=1&psc=1"><img src="https://m.media-amazon.com/images/I/41Op5kyIukL._SL500_.jpg" alt="Product Image"></a><p>Mead Spiral Notebook, 6 Pack, 1 Subject, College Ruled Paper, 7-1/2" x 10-1/2", 70 Sheets per Notebook, Colors Will Vary (830062-ECM25)</p><p> -46% 0FF </p><p>$6.71</p><a href="https://www.amazon.com/dp/B00P9U2EM8?tag=eloabder-20&linkCode=osi&th=1&psc=1">View Product</a></div><div class="product"><a href="https://www.amazon.com/dp/B0CQN8FVJX?tag=eloabder-20&linkCode=osi&th=1&psc=1"><img src="https://m.media-amazon.com/images/I/414WVVoGFPL._SL500_.jpg" alt="Product Image"></a><p>SUNEE Spiral Notebooks, 1-Subject, 5 Pack, College Ruled Paper, 8" x 10-1/2", 70 Sheets per Notebook,3-Hole Punched Paper, Pink,Purple, Blue, Green, Yellow Spiral Lined Notebooks for School,Work</p><p> -29% 0FF </p><p>$9.99</p><a href="https://www.amazon.com/dp/B0CQN8FVJX?tag=eloabder-20&linkCode=osi&th=1&psc=1">View Product</a></div><div class="product"><a href="https://www.amazon.com/dp/B08NYRMWZ8?tag=eloabder-20&linkCode=osi&th=1&psc=1"><img src="https://m.media-amazon.com/images/I/41y1cnNXtOL._SL500_.jpg" alt="Product Image"></a><p>Yansanido Spiral Notebook, 4 Pcs 8.3 Inch x 5.9 Inch A5 Thick Plastic Hardcover 8mm Ruled 4 Color 80 Sheets -160 Pages Journals for Study and Notes (style 10-Wine Red,Brown,Green,ivory, A5)</p><p> -23% 0FF </p><p>$9.99</p><a href="https://www.amazon.com/dp/B08NYRMWZ8?tag=eloabder-20&linkCode=osi&th=1&psc=1">View Product</a></div><div class="product"><a href="https://www.amazon.com/dp/B08VF9VYLZ?tag=eloabder-20&linkCode=osi&th=1&psc=1"><img src="https://m.media-amazon.com/images/I/41ktUSmtHAL._SL500_.jpg" alt="Product Image"></a><p>Oxford Spiral Notebooks, 6 Pack, 1 Subject, Wide Ruled Notebooks for School, 8 x 10.5 Inches, 70 Sheets, Assorted Pastel Colors, Back to School Supplies (63757)</p><p> -6% 0FF </p><p>$8.99</p><a href="https://www.amazon.com/dp/B08VF9VYLZ?tag=eloabder-20&linkCode=osi&th=1&psc=1">View Product</a></div>
<div class="product"><a href="https://www.amazon.com/dp/B0FDRCSXZH?tag=eloabder-20&linkCode=osi&th=1&psc=1"><img src="https://m.media-amazon.com/images/I/41rYztS-0zL._SL500_.jpg" alt="Product Image"></a><p>5pcs Small Note Pads, Color Notepads 5x8 College Ruled Notebook, Writing Pads 5 x 8, Legal Pads, Memo Pad Paper Perforate Narrow Ruled Notebooks for Work, School, Office Supplies,30 Sheets/Pack</p><p> -14% 0FF </p><p>$5.99</p><a href="https://www.amazon.com/dp/B0FDRCSXZH?tag=eloabder-20&linkCode=osi&th=1&psc=1">View Product</a></div><div class="product"><a href="https://www.amazon.com/dp/B0BZQNCV62?tag=eloabder-20&linkCode=osi&th=1&psc=1"><img src="https://m.media-amazon.com/images/I/41yNqvqCwoL._SL500_.jpg" alt="Product Image"></a><p>Alitte Legal Notepads 8.5 x 11, Pack of 12 - Perforated Wide Ruled Writing Pad - Premium Thick Paper, No Ink Bleeding - Blank Legal Pads For Home, Office, School, Business - 50 Sheets Per Notebook</p><p> -17% 0FF </p><p>$24.99</p><a href="https://www.amazon.com/dp/B0BZQNCV62?tag=eloabder-20&linkCode=osi&th=1&psc=1">View Product</a></div>
<div class="product"><a href="https://www.amazon.com/dp/B0C7S1PCX4?tag=eloabder-20&linkCode=osi&th=1&psc=1"><img src="https://m.media-amazon.com/images/I/41nVRBg2klL._SL500_.jpg" alt="Product Image"></a><p>Oxford 8.5 x 11 Legal Pads, 12 Pack, Wide Ruled, Yellow Paper, 50 Sheets Per Writing Pad, Made in the USA (74020)</p><p> -30% 0FF </p><p>$12.60</p><a href="https://www.amazon.com/dp/B0C7S1PCX4?tag=eloabder-20&linkCode=osi&th=1&psc=1">View Product</a></div><div class="product"><a href="https://www.amazon.com/dp/B0CGF22134?tag=eloabder-20&linkCode=osi&th=1&psc=1"><img src="https://m.media-amazon.com/images/I/41FzLgeXAyL._SL500_.jpg" alt="Product Image"></a><p>MSKKSM Legal Pads 8.5 x 11, 3 Pack Yellow Note Pads 8.5 x 11 Writing Pads, Wide Ruled Legal Notepads, Lined Pads of Paper Yellow Paper Pads, 30 Sheets Per Notepad for School, Home, Office, Business</p><p> -17% 0FF </p><p>$9.99</p><a href="https://www.amazon.com/dp/B0CGF22134?tag=eloabder-20&linkCode=osi&th=1&psc=1">View Product</a></div><div class="product"><a href="https://www.amazon.com/dp/B0FCMWHFC2?tag=eloabder-20&linkCode=osi&th=1&psc=1"><img src="https://m.media-amazon.com/images/I/41MMVFB-S4L._SL500_.jpg" alt="Product Image"></a><p>5pcs Legal Pads 8.5 x 11, Notepads 8.5 x 11 Inch, Color Note Pads Clear Print Writing Pads of Paper, Memo Pads , Perforate Legal Notepads Paper , Wide Ruled Lined with Sturdy Back,30 Sheets/Pack</p><p> -8% 0FF </p><p>$11.99</p><a href="https://www.amazon.com/dp/B0FCMWHFC2?tag=eloabder-20&linkCode=osi&th=1&psc=1">View Product</a></div>
<div class="product"><a href="https://www.amazon.com/dp/B08H593JZG?tag=eloabder-20&linkCode=osi&th=1&psc=1"><img src="https://m.media-amazon.com/images/I/415Ykzo-lyL._SL500_.jpg" alt="Product Image"></a><p>Eastern Wolf 8 Pads Sticky Notes 3x3 Self-Stick Notes 8 Bright Multi Colors Purple Sticky Notes, 85 Sheet/Pad</p><p> -20% 0FF </p><p>$5.59</p><a href="https://www.amazon.com/dp/B08H593JZG?tag=eloabder-20&linkCode=osi&th=1&psc=1">View Product</a></div><div class="product"><a href="https://www.amazon.com/dp/B0BPJW13CM?tag=eloabder-20&linkCode=osi&th=1&psc=1"><img src="https://m.media-amazon.com/images/I/41uKwTyz1rL._SL500_.jpg" alt="Product Image"></a><p>Post-it 100% Recycled Paper Super Sticky Notes, 2X The Sticking Power, 3x3 in, 5 Pads, 70 Sheets/Pad, Wanderlust Pastels Collection (654R-5SSNRP)</p><p> -33% 0FF </p><p>$5.98</p><a href="https://www.amazon.com/dp/B0BPJW13CM?tag=eloabder-20&linkCode=osi&th=1&psc=1">View Product</a></div><div class="product"><a href="https://www.amazon.com/dp/B0D6RPPK9H?tag=eloabder-20&linkCode=osi&th=1&psc=1"><img src="https://m.media-amazon.com/images/I/41O8zZ-RN4L._SL500_.jpg" alt="Product Image"></a><p>(18 Pads) Sticky Notes 3x3 inch, Self-Stick Pads Bright Colors Sticky Note, Recyclable, Easy to Post for Home, Office, Notebook</p><p> -40% 0FF </p><p>$8.39</p><a href="https://www.amazon.com/dp/B0D6RPPK9H?tag=eloabder-20&linkCode=osi&th=1&psc=1">View Product</a></div><div class="product"><a href="https://www.amazon.com/dp/B0CMGJ6FRB?tag=eloabder-20&linkCode=osi&th=1&psc=1"><img src="https://m.media-amazon.com/images/I/41xF9DqIGZL._SL500_.jpg" alt="Product Image"></a><p>Sticky Notes, 12 Pads, 3x3 inches, Soft Pastel Self-Stick Note Pads, Perfect for Office, Study, and Daily Life Organization - Soft Pastel</p><p> -16% 0FF </p><p>$5.06</p><a href="https://www.amazon.com/dp/B0CMGJ6FRB?tag=eloabder-20&linkCode=osi&th=1&psc=1">View Product</a></div>
<div class="product"><a href="https://www.amazon.com/dp/B07VRYX57R?tag=eloabder-20&linkCode=osi&th=1&psc=1"><img src="https://m.media-amazon.com/images/I/410XbLRqukL._SL500_.jpg" alt="Product Image"></a><p>(24 Pack) Sticky Notes 3x3 in Post Bright Stickies Colorful Super Sticking Power Memo Pads, Strong Adhesive, 74 Sheets/pad</p><p> -35% 0FF </p><p>$16.99</p><a href="https://www.amazon.com/dp/B07VRYX57R?tag=eloabder-20&linkCode=osi&th=1&psc=1">View Product</a></div><div class="product"><a href="https://www.amazon.com/dp/B00QSR9PRI?tag=eloabder-20&linkCode=osi&th=1&psc=1"><img src="https://m.media-amazon.com/images/I/31n-YNlgraL._SL500_.jpg" alt="Product Image"></a><p>Amazon Basics Narrow Ruled Lined Writing Note Pad, 5 inch x 8 inch, White, 12 Count (12 Pack of 50 pages)</p><p> -6% 0FF </p><p>$8.78</p><a href="https://www.amazon.com/dp/B00QSR9PRI?tag=eloabder-20&linkCode=osi&th=1&psc=1">View Product</a></div><div class="product"><a href="https://www.amazon.com/dp/B0D5M4D3NN?tag=eloabder-20&linkCode=osi&th=1&psc=1"><img src="https://m.media-amazon.com/images/I/41uzPvHBCDL._SL500_.jpg" alt="Product Image"></a><p>(12 Pack) Lined Sticky Notes 4x6 in Ruled Stickies Super Sticking Power Memo Pads Bright Colors</p><p> -40% 0FF </p><p>$8.98</p><a href="https://www.amazon.com/dp/B0D5M4D3NN?tag=eloabder-20&linkCode=osi&th=1&psc=1">View Product</a></div><div class="product"><a href="https://www.amazon.com/dp/B0CQK3M5VK?tag=eloabder-20&linkCode=osi&th=1&psc=1"><img src="https://m.media-amazon.com/images/I/31jKEzc1qFL._SL500_.jpg" alt="Product Image"></a><p>Note Pads 4x6 Inch, 6 Pack Blank Scratch Pads, 50 Sheets Per Memo Pad for Writing, White Pad of Paper Suit for Home, Office and School, Tear off Notepad, Small Server Notebook</p><p> -10% 0FF </p><p>$6.29</p><a href="https://www.amazon.com/dp/B0CQK3M5VK?tag=eloabder-20&linkCode=osi&th=1&psc=1">View Product</a></div>

<div class="product"><a href="https://www.amazon.com/dp/B0033J6V3A?tag=eloabder-20&linkCode=osi&th=1&psc=1"><img src="https://m.media-amazon.com/images/I/21o5ASbichL._SL500_.jpg" alt="Product Image"></a><p>NuSparc 2 Drawer Locking Filing Cabinet | Pre-Assembled Steel Construction | Space-Saving Design is Perfect for Home and Small Office | Letter-Size | Assembled in North America</p><p> -14% 0FF </p><p>$76.99</p><a href="https://www.amazon.com/dp/B0033J6V3A?tag=eloabder-20&linkCode=osi&th=1&psc=1">View Product</a></div><div class="product"><a href="https://www.amazon.com/dp/B0D9XYD75W?tag=eloabder-20&linkCode=osi&th=1&psc=1"><img src="https://m.media-amazon.com/images/I/31VM3xK++PL._SL500_.jpg" alt="Product Image"></a><p>BYNSOE 2 Drawer File Cabinet with Lock Vertical Filing Storage Cabinet Office Home Steel Vertical File Cabinets for Letter Size File Cabinet Locked,Assembly Required</p><p> -8% 0FF </p><p>$54.99</p><a href="https://www.amazon.com/dp/B0D9XYD75W?tag=eloabder-20&linkCode=osi&th=1&psc=1">View Product</a></div><div class="product"><a href="https://www.amazon.com/dp/B0989HLF81?tag=eloabder-20&linkCode=osi&th=1&psc=1"><img src="https://m.media-amazon.com/images/I/51vzgnkbcjL._SL500_.jpg" alt="Product Image"></a><p>DEVAISE 3 Drawer Mobile File Cabinet, Wood Lateral Filing Cabinet, Printer Stand with Open Shelves for Home Office, Rustic Brown</p><p> -21% 0FF </p><p>$74.99</p><a href="https://www.amazon.com/dp/B0989HLF81?tag=eloabder-20&linkCode=osi&th=1&psc=1">View Product</a></div>
<div class="product"><a href="https://www.amazon.com/dp/B00006RSQD?tag=eloabder-20&linkCode=osi&th=1&psc=1"><img src="https://m.media-amazon.com/images/I/315rez3KpeL._SL500_.jpg" alt="Product Image"></a><p>Bush Business Furniture Series C 36W Tall 5 Shelf Bookcase in Hansen Cherry, Large Storage and Display Bookshelf for Home or Professional Office</p><p> -8% 0FF </p><p>$239.49</p><a href="https://www.amazon.com/dp/B00006RSQD?tag=eloabder-20&linkCode=osi&th=1&psc=1">View Product</a></div>
<div class="product"><a href="https://www.amazon.com/dp/B09F6JPYSY?tag=eloabder-20&linkCode=osi&th=1&psc=1"><img src="https://m.media-amazon.com/images/I/51fGLH7lhHL._SL500_.jpg" alt="Product Image"></a><p>SPACELEAD Slim Storage Cart 3 Tier,Bathroom Organizer Rolling Utility,Mobile Shelving Unit Slide Out for Office, Kitchen, Laundry Room & Narrow Places,Black</p><p> -30% 0FF </p><p>$20.99</p><a href="https://www.amazon.com/dp/B09F6JPYSY?tag=eloabder-20&linkCode=osi&th=1&psc=1">View Product</a></div><div class="product"><a href="https://www.amazon.com/dp/B08KFTVGQY?tag=eloabder-20&linkCode=osi&th=1&psc=1"><img src="https://m.media-amazon.com/images/I/51BjUEmGaiL._SL500_.jpg" alt="Product Image"></a><p>SONGMICS Cube Storage Organizer, Set of 16 Plastic Cubes, Closet Organizers and Storage, Room Organization, Bedroom Living Room, 12.2 x 48.4 x 48.4 Inches, Rustic Brown ULPC442A01</p><p> -15% 0FF </p><p>$46.99</p><a href="https://www.amazon.com/dp/B08KFTVGQY?tag=eloabder-20&linkCode=osi&th=1&psc=1">View Product</a></div><div class="product"><a href="https://www.amazon.com/dp/B0DG359YX5?tag=eloabder-20&linkCode=osi&th=1&psc=1"><img src="https://m.media-amazon.com/images/I/41OBXL4HJdL._SL500_.jpg" alt="Product Image"></a><p>VIVO Clamp-on 13 inch Above or Below Desk 2-Tier Shelving Unit for Table Accessories, Gaming Devices, and More, Storage Tray, Desktop Organizer, Rustic Vintage Brown, STAND-SHELF2C-N</p><p> -20% 0FF </p><p>$39.99</p><a href="https://www.amazon.com/dp/B0DG359YX5?tag=eloabder-20&linkCode=osi&th=1&psc=1">View Product</a></div><div class="product"><a href="https://www.amazon.com/dp/B0D7S5GGP6?tag=eloabder-20&linkCode=osi&th=1&psc=1"><img src="https://m.media-amazon.com/images/I/51EriWG2BLL._SL500_.jpg" alt="Product Image"></a><p>C&AHOME Wire Cube Storage, 9 - Cube Organizer Metal C Grids, Modular Shelves Units, Closet Organizer, Ideal for Home, Office, Living Room, 36.6”L x 12.4”W x 48.4”H, Silver Gray UWCS3009G</p><p> -33% 0FF </p><p>$28.87</p><a href="https://www.amazon.com/dp/B0D7S5GGP6?tag=eloabder-20&linkCode=osi&th=1&psc=1">View Product</a></div>
<div class="product"><a href="https://www.amazon.com/dp/B0B1M6ML2J?tag=eloabder-20&linkCode=osi&th=1&psc=1"><img src="https://m.media-amazon.com/images/I/51pX2Qo38JL._SL500_.jpg" alt="Product Image"></a><p>WOWBOX 25 PCS Clear Plastic Drawer Organizer Set, 4 Sizes Desk Drawer Divider Organizers and Storage Bins for Makeup, Jewelry, Gadgets for Kitchen, Bedroom, Bathroom, Office</p><p> -35% 0FF </p><p>$16.13 ($0.65 / Count)</p><a href="https://www.amazon.com/dp/B0B1M6ML2J?tag=eloabder-20&linkCode=osi&th=1&psc=1">View Product</a></div><div class="product"><a href="https://www.amazon.com/dp/B0DB8F7GDN?tag=eloabder-20&linkCode=osi&th=1&psc=1"><img src="https://m.media-amazon.com/images/I/51iOtKHzvCL._SL500_.jpg" alt="Product Image"></a><p>OPNICE Desk Organizer and Accessories, 2-Tier Computer Monitor Stand Riser with Drawer and 2 Pen Holders, Laptop Stand, Office Desk Accessories for Office Supplies, Black</p><p> -27% 0FF </p><p>$21.99</p><a href="https://www.amazon.com/dp/B0DB8F7GDN?tag=eloabder-20&linkCode=osi&th=1&psc=1">View Product</a></div><div class="product"><a href="https://www.amazon.com/dp/B0FQ86P4M3?tag=eloabder-20&linkCode=osi&th=1&psc=1"><img src="https://m.media-amazon.com/images/I/41ZDdyGnPxL._SL500_.jpg" alt="Product Image"></a><p>Mind Reader 2-Tier Desk Organizer with Clamp, Accessory Shelf for Office or Gaming, Office, Metal, White</p><p> -5% 0FF </p><p>$37.99</p><a href="https://www.amazon.com/dp/B0FQ86P4M3?tag=eloabder-20&linkCode=osi&th=1&psc=1">View Product</a></div><div class="product"><a href="https://www.amazon.com/dp/B0BYDGF8DT?tag=eloabder-20&linkCode=osi&th=1&psc=1"><img src="https://m.media-amazon.com/images/I/51sE2GzgVNL._SL500_.jpg" alt="Product Image"></a><p>OPNICE Desk Organizer and Accessories, 4-Tier Desktop File Organizer with Drawer and 2 Pen Holders, Office Desk Accessories, Workspace Organizers for Office Supplies(Black)</p><p> -33% 0FF </p><p>$19.99</p><a href="https://www.amazon.com/dp/B0BYDGF8DT?tag=eloabder-20&linkCode=osi&th=1&psc=1">View Product</a></div><div class="product"><a href="https://www.amazon.com/dp/B0DJKSMV2T?tag=eloabder-20&linkCode=osi&th=1&psc=1"><img src="https://m.media-amazon.com/images/I/41gO3CCIg1L._SL500_.jpg" alt="Product Image"></a><p>gianotter Dual Monitor Stand Riser, Desk Organizer With Drawer and 2 Pen Holders, Computer Monitor Stand, Shelf for Top of Desk, Black</p><p> -28% 0FF </p><p>$25.99</p><a href="https://www.amazon.com/dp/B0DJKSMV2T?tag=eloabder-20&linkCode=osi&th=1&psc=1">View Product</a></div><div class="product"><a href="https://www.amazon.com/dp/B0BWTT3WK1?tag=eloabder-20&linkCode=osi&th=1&psc=1"><img src="https://m.media-amazon.com/images/I/51JTe2SjicL._SL500_.jpg" alt="Product Image"></a><p>gianotter Desk Organizers and Accessories with File Holder, 4-Tier Desk Accessories & Workspace Organizers with Drawer and 2 Pen Holder, Paper Organizer for Office Supplies (Rose Gold)</p><p> -27% 0FF </p><p>$23.99</p><a href="https://www.amazon.com/dp/B0BWTT3WK1?tag=eloabder-20&linkCode=osi&th=1&psc=1">View Product</a></div><div class="product"><a href="https://www.amazon.com/dp/B09QKDY1YY?tag=eloabder-20&linkCode=osi&th=1&psc=1"><img src="https://m.media-amazon.com/images/I/519UVM73B6L._SL500_.jpg" alt="Product Image"></a><p>Supeasy 5 Trays Paper Organizer Letter Tray with Handle-Mesh Desk File Organizer, Paper Sorter Desk Organizer for Office, Home or School</p><p> -17% 0FF </p><p>$19.99</p><a href="https://www.amazon.com/dp/B09QKDY1YY?tag=eloabder-20&linkCode=osi&th=1&psc=1">View Product</a></div><div class="product"><a href="https://www.amazon.com/dp/B08PBFKGJG?tag=eloabder-20&linkCode=osi&th=1&psc=1"><img src="https://m.media-amazon.com/images/I/61WfW0WLsqL._SL500_.jpg" alt="Product Image"></a><p>Marbrasse 6 Tier Paper Organizer Letter Tray - Mesh Desk File Organizer with Handle, Paper Sorter Organizer for Letter/A4 Office File Folder Holder - Black</p><p> -23% 0FF </p><p>$19.98</p><a href="https://www.amazon.com/dp/B08PBFKGJG?tag=eloabder-20&linkCode=osi&th=1&psc=1">View Product</a></div><div class="product"><a href="https://www.amazon.com/dp/B09K5927B5?tag=eloabder-20&linkCode=osi&th=1&psc=1"><img src="https://m.media-amazon.com/images/I/51u5tZ4jR6L._SL500_.jpg" alt="Product Image"></a><p>Marbrasse Desk Organizer with File Holder, 5-Tier Paper Letter Tray Organizer with Drawer and 2 Pen Holder, Mesh Desktop Organizer and Storage with Magazine Holder for Office Supplies(Black)</p><p> -24% 0FF </p><p>$33.99</p><a href="https://www.amazon.com/dp/B09K5927B5?tag=eloabder-20&linkCode=osi&th=1&psc=1">View Product</a></div>
<div class="product"><a href="https://www.amazon.com/dp/B0CNXF7SVS?tag=eloabder-20&linkCode=osi&th=1&psc=1"><img src="https://m.media-amazon.com/images/I/51a6EswyTZL._SL500_.jpg" alt="Product Image"></a><p>Manalete Drawer Organizers Set of 15, 4 Sizes Clear Plastic Drawer Organizers and Storage Bins for Kitchen, Bathroom, Office, Dresser Desk Drawer Organizer Tray for Jewelry, Makeup, Junk, Gadgets</p><p> -29% 0FF </p><p>$9.99</p><a href="https://www.amazon.com/dp/B0CNXF7SVS?tag=eloabder-20&linkCode=osi&th=1&psc=1">View Product</a></div><div class="product"><a href="https://www.amazon.com/dp/B0CCY5X6SS?tag=eloabder-20&linkCode=osi&th=1&psc=1"><img src="https://m.media-amazon.com/images/I/41Iye-vPXJL._SL500_.jpg" alt="Product Image"></a><p>Bamboo Drawer Organizer Set, 5 PCS Multi-Use Individual Wood Storage Organizers, Junk Drawer Divider and Storage Trays Containers for Kitchen, Bathroom, Office Desk, Makeup, Jewelry, Utensils</p><p> -20% 0FF </p><p>$19.99 ($4.00 / Count)</p><a href="https://www.amazon.com/dp/B0CCY5X6SS?tag=eloabder-20&linkCode=osi&th=1&psc=1">View Product</a></div><div class="product"><a href="https://www.amazon.com/dp/B0CCDJQ7MM?tag=eloabder-20&linkCode=osi&th=1&psc=1"><img src="https://m.media-amazon.com/images/I/51kU0WJxdsL._SL500_.jpg" alt="Product Image"></a><p>Marbrasse Expandable Desk Drawer Organizer, Mesh Drawer Organizer Tray with 10 Adjustable Compartments, Desk Organizers and Accessories, 5 Dividers Drawer for Office Supplies, Makeup & Vanity (Black)</p><p> -15% 0FF </p><p>$17.84</p><a href="https://www.amazon.com/dp/B0CCDJQ7MM?tag=eloabder-20&linkCode=osi&th=1&psc=1">View Product</a></div><div class="product"><a href="https://www.amazon.com/dp/B0DM27MBZN?tag=eloabder-20&linkCode=osi&th=1&psc=1"><img src="https://m.media-amazon.com/images/I/41hAfSMnrZL._SL500_.jpg" alt="Product Image"></a><p>ElegantArray 12 PCS Drawer Organizer Set, 4 Sizes Storage Drawer Units, Clear Plastic Makeup Vanity Organizer and Storage Bins for Makeup, Stationeries, Multiple Gadgets for Bathroom, Office, Bedroom</p><p> -31% 0FF </p><p>$8.99</p><a href="https://www.amazon.com/dp/B0DM27MBZN?tag=eloabder-20&linkCode=osi&th=1&psc=1">View Product</a></div>
<div class="product"><a href="https://www.amazon.com/dp/B0C4T42TPC?tag=eloabder-20&linkCode=osi&th=1&psc=1"><img src="https://m.media-amazon.com/images/I/318IsyAsPXL._SL500_.jpg" alt="Product Image"></a><p>Adjustable Mobile CPU Stand, Ventilated Computer Tower Stand with 4 Caster Wheels Fits Most PC Tower, Under Desk CPU Holder PC Floor Cart Computer Riser for Gamers and Students (Black)</p><p> -21% 0FF </p><p>$14.21</p><a href="https://www.amazon.com/dp/B0C4T42TPC?tag=eloabder-20&linkCode=osi&th=1&psc=1">View Product</a></div><div class="product"><a href="https://www.amazon.com/dp/B094QTGHNZ?tag=eloabder-20&linkCode=osi&th=1&psc=1"><img src="https://m.media-amazon.com/images/I/31VzBQ+jwWL._SL500_.jpg" alt="Product Image"></a><p>WALI Computer Monitor Stand for Desk, Adjustable Laptop Riser, Desk Monitor Stand Underneath Storage for Office, Home, School Supplies (STT003), 1 Pack, Black</p><p> -32% 0FF </p><p>$16.99</p><a href="https://www.amazon.com/dp/B094QTGHNZ?tag=eloabder-20&linkCode=osi&th=1&psc=1">View Product</a></div><div class="product"><a href="https://www.amazon.com/dp/B07H4DMLVH?tag=eloabder-20&linkCode=osi&th=1&psc=1"><img src="https://m.media-amazon.com/images/I/31eTfKhpSWL._SL500_.jpg" alt="Product Image"></a><p>HUANUO Monitor Stand, Monitor Stand Riser 3 Height Adjustable, Monitor Riser with Airflow Vents, Laptop Stand for Desk, Laptop Riser, Desk Organizer for Monitor, 15.6" Laptop, PC, Printer</p><p> -11% 0FF </p><p>$15.19</p><a href="https://www.amazon.com/dp/B07H4DMLVH?tag=eloabder-20&linkCode=osi&th=1&psc=1">View Product</a></div><div class="product"><a href="https://www.amazon.com/dp/B0D69W6H91?tag=eloabder-20&linkCode=osi&th=1&psc=1"><img src="https://m.media-amazon.com/images/I/51rQI+gi3lL._SL500_.jpg" alt="Product Image"></a><p>JANE EYRE Computer Tower Stand - Adjustable PC Tower Stand CPU Holder Cart with Charging Station for Office Home Classroom,23.03"-28.3" H, black</p><p> -10% 0FF </p><p>$53.99</p><a href="https://www.amazon.com/dp/B0D69W6H91?tag=eloabder-20&linkCode=osi&th=1&psc=1">View Product</a></div><div class="product"><a href="https://www.amazon.com/dp/B0C4T34L9Y?tag=eloabder-20&linkCode=osi&th=1&psc=1"><img src="https://m.media-amazon.com/images/I/51BNMGXNOEL._SL500_.jpg" alt="Product Image"></a><p>BONTEC Wooden Monitor Stand Riser, 2-Tier Desk Shelf with Storage Organizer, Ergonomic Computer Stand with Cable Management, Cellphone Holder, White, 16.5 Inch</p><p> -33% 0FF </p><p>$18.04</p><a href="https://www.amazon.com/dp/B0C4T34L9Y?tag=eloabder-20&linkCode=osi&th=1&psc=1">View Product</a></div><div class="product"><a href="https://www.amazon.com/dp/B08BRCT4JH?tag=eloabder-20&linkCode=osi&th=1&psc=1"><img src="https://m.media-amazon.com/images/I/41Ga6A+cXbL._SL500_.jpg" alt="Product Image"></a><p>BESIGN LS03 Aluminum Laptop Stand, Ergonomic Detachable Computer Stand, Notebook Riser Compatible with Air, Pro, Dell, HP, Lenovo More 10-15.6" Laptops, Silver</p><p> -25% 0FF </p><p>$14.98</p><a href="https://www.amazon.com/dp/B08BRCT4JH?tag=eloabder-20&linkCode=osi&th=1&psc=1">View Product</a></div>
<div class="product"><a href="https://www.amazon.com/dp/B07Q79ZZJ6?tag=eloabder-20&linkCode=osi&th=1&psc=1"><img src="https://m.media-amazon.com/images/I/31-LBzENQIL._SL500_.jpg" alt="Product Image"></a><p>Single LCD Computer Monitor Free-Standing Desk Stand Mount Riser for 13 inch to 32 inch screen with Swivel, Height Adjustable, Rotation, Vesa Base Stand Holds One (1) Screen up to 77Lbs(HT05B-001))</p><p> -34% 0FF </p><p>$21.99</p><a href="https://www.amazon.com/dp/B07Q79ZZJ6?tag=eloabder-20&linkCode=osi&th=1&psc=1">View Product</a></div><div class="product"><a href="https://www.amazon.com/dp/B082845XM8?tag=eloabder-20&linkCode=osi&th=1&psc=1"><img src="https://m.media-amazon.com/images/I/41uRH1B7HgL._SL500_.jpg" alt="Product Image"></a><p>Dual Monitor Stand - Vertical Stack Screen Free-Standing Monitor Riser Fits Two 13 to 34 Inch Screen with Swivel, Tilt, Height Adjustable, Holds One (1) Screen Up to 44Lbs</p><p> -5% 0FF </p><p>$31.56</p><a href="https://www.amazon.com/dp/B082845XM8?tag=eloabder-20&linkCode=osi&th=1&psc=1">View Product</a></div><div class="product"><a href="https://www.amazon.com/dp/B00X4SCCFG?tag=eloabder-20&linkCode=osi&th=1&psc=1"><img src="https://m.media-amazon.com/images/I/21X2klzUZGL._SL500_.jpg" alt="Product Image"></a><p>Amazon Basics Height Adjustable Rectangular Computer Monitor Riser Desk Stand with Storage for Reduced Neck Strain - Fits Monitors, Laptops Up to 22lbs, Black</p><p> -35% 0FF </p><p>$14.06</p><a href="https://www.amazon.com/dp/B00X4SCCFG?tag=eloabder-20&linkCode=osi&th=1&psc=1">View Product</a></div>
<div class="product"><a href="https://www.amazon.com/dp/B07HFDJCSL?tag=eloabder-20&linkCode=osi&th=1&psc=1"><img src="https://m.media-amazon.com/images/I/41DR7qY1naL._SL500_.jpg" alt="Product Image"></a><p>VIVO Large Keyboard Tray Under Desk Pull Out with Extra Sturdy C Clamp Mount System, 27 (33 Including Clamps) x 11 Inch Slide-Out Platform Computer Drawer for Typing, Black, MOUNT-KB05E</p><p> -17% 0FF </p><p>$49.99</p><a href="https://www.amazon.com/dp/B07HFDJCSL?tag=eloabder-20&linkCode=osi&th=1&psc=1">View Product</a></div><div class="product"><a href="https://www.amazon.com/dp/B082NKBM62?tag=eloabder-20&linkCode=osi&th=1&psc=1"><img src="https://m.media-amazon.com/images/I/41qQ3p9-mrL._SL500_.jpg" alt="Product Image"></a><p>HUANUO Keyboard Tray Under Desk, 360 Adjustable Ergonomic Sliding Keyboard & Mouse Tray, Under Desk Keyboard Tray Slide Out, Keyboard Holder Under Desk for Typing in Home, Office Work, 25"W x 9.84"D</p><p> -33% 0FF </p><p>$59.98</p><a href="https://www.amazon.com/dp/B082NKBM62?tag=eloabder-20&linkCode=osi&th=1&psc=1">View Product</a></div><div class="product"><a href="https://www.amazon.com/dp/B0F23GTKHL?tag=eloabder-20&linkCode=osi&th=1&psc=1"><img src="https://m.media-amazon.com/images/I/41dmHoeznDL._SL500_.jpg" alt="Product Image"></a><p>Zontera Ergonomic Mouse & Keyboard Tray Under Desk, Pull Out with Adjustable C-clamp, 20 (25.9 Including Clamps) x 11.8 Inch Slide Out Computer Keyboard Drawer Mouse Tray for Typing, Black</p><p> -7% 0FF </p><p>$25.99</p><a href="https://www.amazon.com/dp/B0F23GTKHL?tag=eloabder-20&linkCode=osi&th=1&psc=1">View Product</a></div><div class="product"><a href="https://www.amazon.com/dp/B01IIGMBVI?tag=eloabder-20&linkCode=osi&th=1&psc=1"><img src="https://m.media-amazon.com/images/I/21Vw8003F0L._SL500_.jpg" alt="Product Image"></a><p>Alera ALE Valencia Series Underdesk Keyboard/Mouse Shelf, 28w x 12d, Black</p><p> -50% 0FF </p><p>$29.22</p><a href="https://www.amazon.com/dp/B01IIGMBVI?tag=eloabder-20&linkCode=osi&th=1&psc=1">View Product</a></div>
<div class="product"><a href="https://www.amazon.com/dp/B07C3XZMC6?tag=eloabder-20&linkCode=osi&th=1&psc=1"><img src="https://m.media-amazon.com/images/I/31Eojf7glwL._SL500_.jpg" alt="Product Image"></a><p>JIKIOU 3 Pack Mouse Pad with Stitched Edge, Comfortable Mouse Pads with Non-Slip Rubber Base, Washable Mousepads Bulk with Comfortable Cloth, Mouse Pads for Computers Laptop Mouse 10.2x8.3inch Black</p><p> -29% 0FF </p><p>$7.99</p><a href="https://www.amazon.com/dp/B07C3XZMC6?tag=eloabder-20&linkCode=osi&th=1&psc=1">View Product</a></div><div class="product"><a href="https://www.amazon.com/dp/B085XRMSTT?tag=eloabder-20&linkCode=osi&th=1&psc=1"><img src="https://m.media-amazon.com/images/I/31aDSI0sFoL._SL500_.jpg" alt="Product Image"></a><p>EooCoo Ergonomic Mouse Pad with Wrist Support, Mousepad with Memory Foam Wrist Rest and Non-Slip Base for Computer, Cafe, Home & Office, 9.64 x 8.26 in Office Desk Accessories</p><p> -36% 0FF </p><p>$6.99</p><a href="https://www.amazon.com/dp/B085XRMSTT?tag=eloabder-20&linkCode=osi&th=1&psc=1">View Product</a></div>
<div class="product"><a href="https://www.amazon.com/dp/B0BRCJL4MM?tag=eloabder-20&linkCode=osi&th=1&psc=1"><img src="https://m.media-amazon.com/images/I/41sggzaNbPL._SL500_.jpg" alt="Product Image"></a><p>Led Desk Lamp for Office Home - Eye Caring Architect lamp with Clamp,Dual Screen Computer Monitor Gooseneck Smart Light: 24W 5 Color Flexible Adjustable Lighting Table Lamp for Study Drafting</p><p> -13% 0FF </p><p>$69.99</p><a href="https://www.amazon.com/dp/B0BRCJL4MM?tag=eloabder-20&linkCode=osi&th=1&psc=1">View Product</a></div><div class="product"><a href="https://www.amazon.com/dp/B0BNHNG5CY?tag=eloabder-20&linkCode=osi&th=1&psc=1"><img src="https://m.media-amazon.com/images/I/51ccmdZe2YL._SL500_.jpg" alt="Product Image"></a><p>Micomlan Led Desk Lamp with Clamp, Architect Desk Lamp for Home Office with Atmosphere Lighting, 24W Ultra Bright Auto Dimming Computer Light Stepless Dimming and Tempering LED Table Light</p><p> -27% 0FF </p><p>$49.99</p><a href="https://www.amazon.com/dp/B0BNHNG5CY?tag=eloabder-20&linkCode=osi&th=1&psc=1">View Product</a></div><div class="product"><a href="https://www.amazon.com/dp/B078W61H9P?tag=eloabder-20&linkCode=osi&th=1&psc=1"><img src="https://m.media-amazon.com/images/I/31aebwb3nqL._SL500_.jpg" alt="Product Image"></a><p>LEPOWER Metal Desk Lamp, Eye-Caring Table Lamp, Study Lamps with Flexible Goose Neck for Bedroom, Home Office (Matte Black)</p><p> -24% 0FF </p><p>$24.99</p><a href="https://www.amazon.com/dp/B078W61H9P?tag=eloabder-20&linkCode=osi&th=1&psc=1">View Product</a></div><div class="product"><a href="https://www.amazon.com/dp/B0D1DLY4H4?tag=eloabder-20&linkCode=osi&th=1&psc=1"><img src="https://m.media-amazon.com/images/I/41sKiuSIwRL._SL500_.jpg" alt="Product Image"></a><p>SKYLEO Led Desk Lamp - Desk Light for 31.5" Tall - 5 Color Modes X 11 Brightness Levels - Adjustable Swing Arm - Timmer & Memory Function - 12W Lamp for Desk - Black</p><p> -23% 0FF </p><p>$19.99</p><a href="https://www.amazon.com/dp/B0D1DLY4H4?tag=eloabder-20&linkCode=osi&th=1&psc=1">View Product</a></div><div class="product"><a href="https://www.amazon.com/dp/B0D2LGK82V?tag=eloabder-20&linkCode=osi&th=1&psc=1"><img src="https://m.media-amazon.com/images/I/41UpQ-qygDL._SL500_.jpg" alt="Product Image"></a><p>Addtam LED Desk Lamp, Power Strip with 3 Outlets 4 USB Charging Ports(2 USBC), 4 Modes 5 Level Brightness Touch Lamp, Small Desk Lamp for Home Office College Dorm Room Essentials</p><p> -23% 0FF </p><p>$16.99</p><a href="https://www.amazon.com/dp/B0D2LGK82V?tag=eloabder-20&linkCode=osi&th=1&psc=1">View Product</a></div><div class="product"><a href="https://www.amazon.com/dp/B08LMTQ7ZF?tag=eloabder-20&linkCode=osi&th=1&psc=1"><img src="https://m.media-amazon.com/images/I/21vKPX2KHML._SL500_.jpg" alt="Product Image"></a><p>Lepro LED Desk Lamp for Home Office, 9.5W 750LM Metal Touch Control Desk Light, 5 Color Modes 5 Brightness Level, Eye Caring Task Lamp For Reading, Sewing, Crafts, School Supplies, Puzzle Light, Black</p><p> -13% 0FF </p><p>$24.99</p><a href="https://www.amazon.com/dp/B08LMTQ7ZF?tag=eloabder-20&linkCode=osi&th=1&psc=1">View Product</a></div>
<div class="product"><a href="https://www.amazon.com/dp/B0D7BXNDP4?tag=eloabder-20&linkCode=osi&th=1&psc=1"><img src="https://m.media-amazon.com/images/I/41DuEunZ1+L._SL500_.jpg" alt="Product Image"></a><p>Monitor Fan with Clamp & Light Bar Desk Lamp with fan for Office mini Desk fan small quiet with lamp for PC Laptops Tablet for Home Office Portable Working Reading Stand Lamp</p><p> -5% 0FF </p><p>$15.19</p><a href="https://www.amazon.com/dp/B0D7BXNDP4?tag=eloabder-20&linkCode=osi&th=1&psc=1">View Product</a></div><div class="product"><a href="https://www.amazon.com/dp/B07K1D41DC?tag=eloabder-20&linkCode=osi&th=1&psc=1"><img src="https://m.media-amazon.com/images/I/310MAouNV-L._SL500_.jpg" alt="Product Image"></a><p>OttLite Cool Breeze LED Lamp with Bladeless Fan - 3 Speed Options & 5 Brightness Settings with Energy Efficient Natural Daylight LEDs - Desktop, Table or Nightstand Lamp for Studying or Reading</p><p> -14% 0FF </p><p>$89.98</p><a href="https://www.amazon.com/dp/B07K1D41DC?tag=eloabder-20&linkCode=osi&th=1&psc=1">View Product</a></div>
<div class="product"><a href="https://www.amazon.com/dp/B0CXSXL1F2?tag=eloabder-20&linkCode=osi&th=1&psc=1"><img src="https://m.media-amazon.com/images/I/41H6cndt7iL._SL500_.jpg" alt="Product Image"></a><p>9 Pack Lined Sticky Notes 4x6 in Post Sticky Notes with Lines, 9 Bright Colors Self Sticky Notes Pad Its, Large Ruled Sticky Note for Office, Home, 35 Sheets/Pad</p><p> -33% 0FF </p><p>$7.99</p><a href="https://www.amazon.com/dp/B0CXSXL1F2?tag=eloabder-20&linkCode=osi&th=1&psc=1">View Product</a></div><div class="product"><a href="https://www.amazon.com/dp/B019QROV9S?tag=eloabder-20&linkCode=osi&th=1&psc=1"><img src="https://m.media-amazon.com/images/I/51OsStyntzL._SL500_.jpg" alt="Product Image"></a><p>Sharpie Clear View Highlighter Sticks, Chisel Tip, Assorted Fluorescent, 8 Count - School, Home, and Office Use, Teacher Supplies</p><p> -23% 0FF </p><p>$13.86</p><a href="https://www.amazon.com/dp/B019QROV9S?tag=eloabder-20&linkCode=osi&th=1&psc=1">View Product</a></div>
<div class="product"><a href="https://www.amazon.com/dp/B082PN4X5J?tag=eloabder-20&linkCode=osi&th=1&psc=1"><img src="https://m.media-amazon.com/images/I/51o+eA8g6nL._SL500_.jpg" alt="Product Image"></a><p>Sharpie S-Gel Gel Pens, Black Barrel, Medium Point (0.7mm), Black Gel Ink Pens, 12 Count - Home, Office, School, Journaling, Writing, Note-Taking, Teacher Supplies</p><p> -14% 0FF </p><p>$11.97</p><a href="https://www.amazon.com/dp/B082PN4X5J?tag=eloabder-20&linkCode=osi&th=1&psc=1">View Product</a></div><div class="product"><a href="https://www.amazon.com/dp/B0C9W8DD9S?tag=eloabder-20&linkCode=osi&th=1&psc=1"><img src="https://m.media-amazon.com/images/I/41mdSvEwNZL._SL500_.jpg" alt="Product Image"></a><p>Ddaowanx Gel Pens, 6 Pcs 0.5mm Quick Dry Black Ink Pens Fine Point Smooth Writing Pens, Cute Office School Supplies Gifts for Women</p><p> -10% 0FF </p><p>$8.99</p><a href="https://www.amazon.com/dp/B0C9W8DD9S?tag=eloabder-20&linkCode=osi&th=1&psc=1">View Product</a></div><div class="product"><a href="https://www.amazon.com/dp/B019QBOG3U?tag=eloabder-20&linkCode=osi&th=1&psc=1"><img src="https://m.media-amazon.com/images/I/416PjSebDoL._SL500_.jpg" alt="Product Image"></a><p>Paper Mate Colorful Gel Pens - InkJoy Gel Pens Assorted Medium Point (0.7). Perfect for Vibrant Colored Writing and Sketching with Paper Mate InkJoy 14 Count</p><p> -18% 0FF </p><p>$10.31</p><a href="https://www.amazon.com/dp/B019QBOG3U?tag=eloabder-20&linkCode=osi&th=1&psc=1">View Product</a></div><div class="product"><a href="https://www.amazon.com/dp/B0C73JDN4S?tag=eloabder-20&linkCode=osi&th=1&psc=1"><img src="https://m.media-amazon.com/images/I/51DJUUxL7HL._SL500_.jpg" alt="Product Image"></a><p>Linbsunne Ballpoint Pens Black Medium Point 1mm Pen with Super Soft Grip Ball Point Pen for Men Women Retractable Pens (gold-12 pcs)</p><p> -10% 0FF </p><p>$8.99</p><a href="https://www.amazon.com/dp/B0C73JDN4S?tag=eloabder-20&linkCode=osi&th=1&psc=1">View Product</a></div><div class="product"><a href="https://www.amazon.com/dp/B001OTA66O?tag=eloabder-20&linkCode=osi&th=1&psc=1"><img src="https://m.media-amazon.com/images/I/41yS5tBZQLL._SL500_.jpg" alt="Product Image"></a><p>BIC Glide Black Retractable Ballpoint Pens, Medium Point (1.0mm), 4-Count Pack, Ultra Smooth Writing Black Pens</p><p> -40% 0FF </p><p>$2.99</p><a href="https://www.amazon.com/dp/B001OTA66O?tag=eloabder-20&linkCode=osi&th=1&psc=1">View Product</a></div>
<div class="product"><a href="https://www.amazon.com/dp/B002HVXXCW?tag=eloabder-20&linkCode=osi&th=1&psc=1"><img src="https://m.media-amazon.com/images/I/41JeEedXCeL._SL500_.jpg" alt="Product Image"></a><p>Ticonderoga Wood-Cased Pencils, Pre-Sharpened, 2 HB Soft, Yellow, 10 Count</p><p> -58% 0FF </p><p>$2.49</p><a href="https://www.amazon.com/dp/B002HVXXCW?tag=eloabder-20&linkCode=osi&th=1&psc=1">View Product</a></div><div class="product"><a href="https://www.amazon.com/dp/B077Q4B6YN?tag=eloabder-20&linkCode=osi&th=1&psc=1"><img src="https://m.media-amazon.com/images/I/4160YcHGDNL._SL500_.jpg" alt="Product Image"></a><p>Paper Mate 2017483 Mechanical Pencils for Handwriting, Triangular, 5/PK, AST</p><p> -45% 0FF </p><p>$3.47</p><a href="https://www.amazon.com/dp/B077Q4B6YN?tag=eloabder-20&linkCode=osi&th=1&psc=1">View Product</a></div>
<div class="product"><a href="https://www.amazon.com/dp/B0D7YTZNRF?tag=eloabder-20&linkCode=osi&th=1&psc=1"><img src="https://m.media-amazon.com/images/I/41hSbSlNAmL._SL500_.jpg" alt="Product Image"></a><p>YASNAY Alcohol Markers, 48 Colors Dual Tip Art Marker, Drawing Markers, Coloring Marker for Kids Sketching Adult Coloring</p><p> -27% 0FF </p><p>$10.99</p><a href="https://www.amazon.com/dp/B0D7YTZNRF?tag=eloabder-20&linkCode=osi&th=1&psc=1">View Product</a></div><div class="product"><a href="https://www.amazon.com/dp/B07CJ8QXF8?tag=eloabder-20&linkCode=osi&th=1&psc=1"><img src="https://m.media-amazon.com/images/I/51bChi4-H4L._SL500_.jpg" alt="Product Image"></a><p>Dual Markers Brush Pens, 36 Fine Point Art Marker, Double Tip Colored Pen for Adult Coloring Hand Lettering, School Classroom Art Suppliers</p><p> -20% 0FF </p><p>$7.98</p><a href="https://www.amazon.com/dp/B07CJ8QXF8?tag=eloabder-20&linkCode=osi&th=1&psc=1">View Product</a></div><div class="product"><a href="https://www.amazon.com/dp/B071CP6X88?tag=eloabder-20&linkCode=osi&th=1&psc=1"><img src="https://m.media-amazon.com/images/I/41sNeEYkTNL._SL500_.jpg" alt="Product Image"></a><p>Crayola Super Tips Marker Set for Kids (100ct), Broad Tip & Fine Point Washable Art Markers for Kids, Bulk School Supplies, Teacher Classroom Must Haves, Drawing Supplies</p><p> -19% 0FF </p><p>$16.29</p><a href="https://www.amazon.com/dp/B071CP6X88?tag=eloabder-20&linkCode=osi&th=1&psc=1">View Product</a></div><div class="product"><a href="https://www.amazon.com/dp/B08MBFPFCQ?tag=eloabder-20&linkCode=osi&th=1&psc=1"><img src="https://m.media-amazon.com/images/I/51DaGL7Z4oL._SL500_.jpg" alt="Product Image"></a><p>Sharpie Permanent Markers Variety Pack, Includes Chisel, Fine, and Ultra-Fine Tips, Marker Set, Writing, Coloring, Poster, Office, School Supplies, Black, 6 Count</p><p> -19% 0FF </p><p>$4.63 ($0.77 / Count)</p><a href="https://www.amazon.com/dp/B08MBFPFCQ?tag=eloabder-20&linkCode=osi&th=1&psc=1">View Product</a></div>
<div class="product"><a href="https://www.amazon.com/dp/B09Y2KJ2KX?tag=eloabder-20&linkCode=osi&th=1&psc=1"><img src="https://m.media-amazon.com/images/I/41EhQr7suML._SL500_.jpg" alt="Product Image"></a><p>Sharpie Pocket Highlighters, Mild Pastel Colors, Assorted, Chisel Tip, 12 Count - School, Home, and Office Use, Teacher Supplies</p><p> -22% 0FF </p><p>$7.76 ($0.65 / Count)</p><a href="https://www.amazon.com/dp/B09Y2KJ2KX?tag=eloabder-20&linkCode=osi&th=1&psc=1">View Product</a></div><div class="product"><a href="https://www.amazon.com/dp/B08698MJWT?tag=eloabder-20&linkCode=osi&th=1&psc=1"><img src="https://m.media-amazon.com/images/I/512N7aYt5oL._SL500_.jpg" alt="Product Image"></a><p>Sharpie S-Note Creative Markers, Pastel Highlighters, Art Marker Set, Assorted Colors, Chisel Tip, 24 Count - School, Home, and Office Use, Teacher Supplies</p><p> -60% 0FF </p><p>$8.83</p><a href="https://www.amazon.com/dp/B08698MJWT?tag=eloabder-20&linkCode=osi&th=1&psc=1">View Product</a></div>
<div class="product"><a href="https://www.amazon.com/dp/B097DPQPYN?tag=eloabder-20&linkCode=osi&th=1&psc=1"><img src="https://m.media-amazon.com/images/I/51nFyQPtfkL._SL500_.jpg" alt="Product Image"></a><p>Sonuimy Pencil Sharpeners, 4 Pcs Pencil Sharpeners Manual,Dual Holes Compact Colored Handheld Pencil Sharpener for Kids with Lid Adults Students School Class Home Office (Covered)</p><p> -13% 0FF </p><p>$4.49</p><a href="https://www.amazon.com/dp/B097DPQPYN?tag=eloabder-20&linkCode=osi&th=1&psc=1">View Product</a></div><div class="product"><a href="https://www.amazon.com/dp/B000MFN1G8?tag=eloabder-20&linkCode=osi&th=1&psc=1"><img src="https://m.media-amazon.com/images/I/41JPflroUEL._SL500_.jpg" alt="Product Image"></a><p>Compact Desktop Electric Pencil Sharpener, Black, Sold as 1 Each</p><p> -21% 0FF </p><p>$15.89</p><a href="https://www.amazon.com/dp/B000MFN1G8?tag=eloabder-20&linkCode=osi&th=1&psc=1">View Product</a></div><div class="product"><a href="https://www.amazon.com/dp/B00125KXGI?tag=eloabder-20&linkCode=osi&th=1&psc=1"><img src="https://m.media-amazon.com/images/I/51avY0bZv6L._SL500_.jpg" alt="Product Image"></a><p>Bostitch Office Personal Electric Pencil Sharpener, Powerful Stall-Free Motor, High Capacity Shavings Tray, Blue</p><p> -13% 0FF </p><p>$17.48</p><a href="https://www.amazon.com/dp/B00125KXGI?tag=eloabder-20&linkCode=osi&th=1&psc=1">View Product</a></div><div class="product"><a href="https://www.amazon.com/dp/B078DZY9Z5?tag=eloabder-20&linkCode=osi&th=1&psc=1"><img src="https://m.media-amazon.com/images/I/41KbUFGrXfL._SL500_.jpg" alt="Product Image"></a><p>JARLINK Electric Pencil Sharpener, Heavy-Duty Helical Blade to Fast Sharpen, Auto Stop for No.2/Colored Pencils(6-8mm), AC Adapter/Battery Operated in School Classroom/Office/Home (Black)</p><p> -21% 0FF </p><p>$16.98</p><a href="https://www.amazon.com/dp/B078DZY9Z5?tag=eloabder-20&linkCode=osi&th=1&psc=1">View Product</a></div><div class="product"><a href="https://www.amazon.com/dp/B08DLXH86D?tag=eloabder-20&linkCode=osi&th=1&psc=1"><img src="https://m.media-amazon.com/images/I/41UghsnBycL._SL500_.jpg" alt="Product Image"></a><p>Aogwat Pencil Sharpener Electric Pencil Sharpener for Kids, Blade to Fast Sharpen, Suitable for No.2/School/Classroom/Office/Home (Black)</p><p> -23% 0FF </p><p>$9.99</p><a href="https://www.amazon.com/dp/B08DLXH86D?tag=eloabder-20&linkCode=osi&th=1&psc=1">View Product</a></div><div class="product"><a href="https://www.amazon.com/dp/B000GP0VIU?tag=eloabder-20&linkCode=osi&th=1&psc=1"><img src="https://m.media-amazon.com/images/I/318OKKSwzbL._SL500_.jpg" alt="Product Image"></a><p>Bostitch Office Wall Mount Manual Pencil Sharpener, Tip Saver, 8 Hole Dial, 6X Longer Cutter Life, Vertical or Horizontal Mounting Black (MPS1-BLK)</p><p> -9% 0FF </p><p>$13.18</p><a href="https://www.amazon.com/dp/B000GP0VIU?tag=eloabder-20&linkCode=osi&th=1&psc=1">View Product</a></div>
<div class="product"><a href="https://www.amazon.com/dp/B00094H4LU?tag=eloabder-20&linkCode=osi&th=1&psc=1"><img src="https://m.media-amazon.com/images/I/41f-fbZYU1L._SL500_.jpg" alt="Product Image"></a><p>Paper Mate Erasers | Pink Pearl Large Erasers 12 Count</p><p> -55% 0FF </p><p>$6.03</p><a href="https://www.amazon.com/dp/B00094H4LU?tag=eloabder-20&linkCode=osi&th=1&psc=1">View Product</a></div><div class="product"><a href="https://www.amazon.com/dp/B07DPVVMWB?tag=eloabder-20&linkCode=osi&th=1&psc=1"><img src="https://m.media-amazon.com/images/I/51wLlsENgiL._SL500_.jpg" alt="Product Image"></a><p>Mr. Pen Erasers for Pencils, 120 Pack, Pencil Top Erasers, Eraser Caps, Cap Tops, Topper Erasers. Ereaser</p><p> -24% 0FF </p><p>$5.95</p><a href="https://www.amazon.com/dp/B07DPVVMWB?tag=eloabder-20&linkCode=osi&th=1&psc=1">View Product</a></div><div class="product"><a href="https://www.amazon.com/dp/B07144DC8V?tag=eloabder-20&linkCode=osi&th=1&psc=1"><img src="https://m.media-amazon.com/images/I/51Ed1+HW9cL._SL500_.jpg" alt="Product Image"></a><p>Pentel Hi-Polymer Block Eraser, White, 10/Box (ZEH10PC10)</p><p> -44% 0FF </p><p>$9.99</p><a href="https://www.amazon.com/dp/B07144DC8V?tag=eloabder-20&linkCode=osi&th=1&psc=1">View Product</a></div><div class="product"><a href="https://www.amazon.com/dp/B0047CT6SE?tag=eloabder-20&linkCode=osi&th=1&psc=1"><img src="https://m.media-amazon.com/images/I/41bhWXKeeiL._SL500_.jpg" alt="Product Image"></a><p>Pentel Clic Retractable Eraser with Grip, 3 Pack</p><p> -29% 0FF </p><p>$4.77</p><a href="https://www.amazon.com/dp/B0047CT6SE?tag=eloabder-20&linkCode=osi&th=1&psc=1">View Product</a></div>
<div class="product"><a href="https://www.amazon.com/dp/B09S9X3HV7?tag=eloabder-20&linkCode=osi&th=1&psc=1"><img src="https://m.media-amazon.com/images/I/51GgMyfl5VL._SL500_.jpg" alt="Product Image"></a><p>Color Transparent Ruler Plastic Rulers - Ruler 12 inch, Kids Ruler for School, Ruler with Centimeters, Millimeter and Inches, Assorted Colors, Clear Rulers, 7 Pack School Rulers</p><p> -16% 0FF </p><p>$5.99</p><a href="https://www.amazon.com/dp/B09S9X3HV7?tag=eloabder-20&linkCode=osi&th=1&psc=1">View Product</a></div><div class="product"><a href="https://www.amazon.com/dp/B06XK9VQM4?tag=eloabder-20&linkCode=osi&th=1&psc=1"><img src="https://m.media-amazon.com/images/I/51Glln3n-nL._SL500_.jpg" alt="Product Image"></a><p>Outus 12 Pack Wood Ruler Bulk for Students Wooden School Rulers Gifts Office Classroom Measuring, 2 Scale, 12 Inch and 30 cm</p><p> -6% 0FF </p><p>$7.99</p><a href="https://www.amazon.com/dp/B06XK9VQM4?tag=eloabder-20&linkCode=osi&th=1&psc=1">View Product</a></div><div class="product"><a href="https://www.amazon.com/dp/B0B5MLTG7J?tag=eloabder-20&linkCode=osi&th=1&psc=1"><img src="https://m.media-amazon.com/images/I/51z9LUxLKmL._SL500_.jpg" alt="Product Image"></a><p>DAGONGREN 30 Pack Clear Plastic Rulers 12 Inch,Transparent Assorted Color Metric Bulk Rulers with Inches and Centimeters,Kids Ruler for School,Home,Office</p><p> -9% 0FF </p><p>$9.99</p><a href="https://www.amazon.com/dp/B0B5MLTG7J?tag=eloabder-20&linkCode=osi&th=1&psc=1">View Product</a></div><div class="product"><a href="https://www.amazon.com/dp/B096MPPF53?tag=eloabder-20&linkCode=osi&th=1&psc=1"><img src="https://m.media-amazon.com/images/I/51qUpElDRcS._SL500_.jpg" alt="Product Image"></a><p>Tenare 1 Set Plastic Clear Math Set Includes Protractor Triangle Rulers 12 Inch 6 Inch Straight Geometry Math Transparent Ruler Measuring Tool for School Office Home Supplies(Clear)</p><p> -25% 0FF </p><p>$5.98</p><a href="https://www.amazon.com/dp/B096MPPF53?tag=eloabder-20&linkCode=osi&th=1&psc=1">View Product</a></div>
<div class="product"><a href="https://www.amazon.com/dp/B07YDDX4JL?tag=eloabder-20&linkCode=osi&th=1&psc=1"><img src="https://m.media-amazon.com/images/I/41oBPZwCRLL._SL500_.jpg" alt="Product Image"></a><p>3-Pack 8" Heavy Duty Scissors with Ultra Sharp Blades and Comfort Grip Handles - For Office, Home, School, Sewing, and Crafts</p><p> -15% 0FF </p><p>$8.49 ($2.83 / Count)</p><a href="https://www.amazon.com/dp/B07YDDX4JL?tag=eloabder-20&linkCode=osi&th=1&psc=1">View Product</a></div><div class="product"><a href="https://www.amazon.com/dp/B01BRGU8R0?tag=eloabder-20&linkCode=osi&th=1&psc=1"><img src="https://m.media-amazon.com/images/I/41ANVra+eNL._SL500_.jpg" alt="Product Image"></a><p>Amazon Basics Stainless Steel Scissors for Office, Crafts, Multipurpose, Sharp, Comfort Grip, PVD Coated, 3 Pack, Multicolor</p><p> -45% 0FF </p><p>$7.55</p><a href="https://www.amazon.com/dp/B01BRGU8R0?tag=eloabder-20&linkCode=osi&th=1&psc=1">View Product</a></div><div class="product"><a href="https://www.amazon.com/dp/B000P0LNRE?tag=eloabder-20&linkCode=osi&th=1&psc=1"><img src="https://m.media-amazon.com/images/I/41fWgMTO0JL._SL500_.jpg" alt="Product Image"></a><p>Westcott 8-Inch Titanium-Bonded Scissors with Adjustable Glide Feature for Office and Home - Gray/Yellow, 2-Pack</p><p> -33% 0FF </p><p>$9.97</p><a href="https://www.amazon.com/dp/B000P0LNRE?tag=eloabder-20&linkCode=osi&th=1&psc=1">View Product</a></div>
<div class="product"><a href="https://www.amazon.com/dp/B074ZRZ4CZ?tag=eloabder-20&linkCode=osi&th=1&psc=1"><img src="https://m.media-amazon.com/images/I/41bu+HKxC2L._SL500_.jpg" alt="Product Image"></a><p>Swingline Commercial Stapler, 20 Sheet Capacity, Jam Free, Metal, 2 Pack, Black (44401AZ)</p><p> -5% 0FF </p><p>$18.98</p><a href="https://www.amazon.com/dp/B074ZRZ4CZ?tag=eloabder-20&linkCode=osi&th=1&psc=1">View Product</a></div><div class="product"><a href="https://www.amazon.com/dp/B001PME62K?tag=eloabder-20&linkCode=osi&th=1&psc=1"><img src="https://m.media-amazon.com/images/I/41gbaJu-3iL._SL500_.jpg" alt="Product Image"></a><p>Swingline Stapler, 40 Sheet Capacity, Optima 40, Jam Free, Reduced Effort, Soft Grip, Metal, Orange and Gray (87845)</p><p> -14% 0FF </p><p>$24.19</p><a href="https://www.amazon.com/dp/B001PME62K?tag=eloabder-20&linkCode=osi&th=1&psc=1">View Product</a></div><div class="product"><a href="https://www.amazon.com/dp/B0D2JBKYM1?tag=eloabder-20&linkCode=osi&th=1&psc=1"><img src="https://m.media-amazon.com/images/I/41zFTU9QpfL._SL500_.jpg" alt="Product Image"></a><p>Bostitch Office Stapler, No-Jam Premium for Desktop, Includes 1,250 Staples, Full-Strip, 25 Sheet Capacity, Black</p><p> -26% 0FF </p><p>$6.99</p><a href="https://www.amazon.com/dp/B0D2JBKYM1?tag=eloabder-20&linkCode=osi&th=1&psc=1">View Product</a></div><div class="product"><a href="https://www.amazon.com/dp/B0CC5GJKM1?tag=eloabder-20&linkCode=osi&th=1&psc=1"><img src="https://m.media-amazon.com/images/I/41JDDoSZQiL._SL500_.jpg" alt="Product Image"></a><p>Metal Stapler Heavy Duty 50 Sheet Capacity with 1750 Staples and Staple Remover, Full Strip Staplers for Desk, No Jam, Non-Slip for Office & Classroom, Black</p><p> -33% 0FF </p><p>$13.29</p><a href="https://www.amazon.com/dp/B0CC5GJKM1?tag=eloabder-20&linkCode=osi&th=1&psc=1">View Product</a></div><div class="product"><a href="https://www.amazon.com/dp/B0006HUQZ6?tag=eloabder-20&linkCode=osi&th=1&psc=1"><img src="https://m.media-amazon.com/images/I/31e-T-f1TGL._SL500_.jpg" alt="Product Image"></a><p>Swingline Stapler, 30 Sheet Capacity, 747 Business Stapler, Jam Free, Metal, Rio Red (74736)</p><p> -23% 0FF </p><p>$15.30</p><a href="https://www.amazon.com/dp/B0006HUQZ6?tag=eloabder-20&linkCode=osi&th=1&psc=1">View Product</a></div>
<div class="product"><a href="https://www.amazon.com/dp/B00J8PJJF0?tag=eloabder-20&linkCode=osi&th=1&psc=1"><img src="https://m.media-amazon.com/images/I/418dc+5ZGkL._SL500_.jpg" alt="Product Image"></a><p>Bostitch Office Premium Standard Staples, 1/4" Full Strip, Box of 5,000 Staples</p><p> -27% 0FF </p><p>$4.39</p><a href="https://www.amazon.com/dp/B00J8PJJF0?tag=eloabder-20&linkCode=osi&th=1&psc=1">View Product</a></div><div class="product"><a href="https://www.amazon.com/dp/B079VYR12V?tag=eloabder-20&linkCode=osi&th=1&psc=1"><img src="https://m.media-amazon.com/images/I/51xAt88vqrL._SL500_.jpg" alt="Product Image"></a><p>Officemate Standard Staples, 10 Boxes General Purpose Staple (91950)</p><p> -10% 0FF </p><p>$14.37</p><a href="https://www.amazon.com/dp/B079VYR12V?tag=eloabder-20&linkCode=osi&th=1&psc=1">View Product</a></div><div class="product"><a href="https://www.amazon.com/dp/B00006IFMQ?tag=eloabder-20&linkCode=osi&th=1&psc=1"><img src="https://m.media-amazon.com/images/I/51UsWZuFq8L._SL500_.jpg" alt="Product Image"></a><p>Bostitch Office B8 PowerCrown 0.25 Inch Staples, Pack of 5,000 Staples (STCRP21151/4), Silver</p><p> -30% 0FF </p><p>$2.33</p><a href="https://www.amazon.com/dp/B00006IFMQ?tag=eloabder-20&linkCode=osi&th=1&psc=1">View Product</a></div>
<div class="product"><a href="https://www.amazon.com/dp/B000J07BRQ?tag=eloabder-20&linkCode=osi&th=1&psc=1"><img src="https://m.media-amazon.com/images/I/51QpJKjajbL._SL500_.jpg" alt="Product Image"></a><p>Scotch Heavy Duty Shipping Packing Tape, Clear, Packing Tape for Moving Boxes and Packaging Supplies, 1.88 in. x 22.2 yd., 6 Roll Dispensers, Moving Supplies</p><p> -35% 0FF </p><p>$12.99</p><a href="https://www.amazon.com/dp/B000J07BRQ?tag=eloabder-20&linkCode=osi&th=1&psc=1">View Product</a></div><div class="product"><a href="https://www.amazon.com/dp/B0000DH8HQ?tag=eloabder-20&linkCode=osi&th=1&psc=1"><img src="https://m.media-amazon.com/images/I/414lAY+087L._SL500_.jpg" alt="Product Image"></a><p>Scotch Magic Tape, Invisible Transparent Tape, 6 Tape Rolls with Dispensers, 3/4 in x 650 in</p><p> -23% 0FF </p><p>$12.34</p><a href="https://www.amazon.com/dp/B0000DH8HQ?tag=eloabder-20&linkCode=osi&th=1&psc=1">View Product</a></div><div class="product"><a href="https://www.amazon.com/dp/B0DQHV6X92?tag=eloabder-20&linkCode=osi&th=1&psc=1"><img src="https://m.media-amazon.com/images/I/51ViCFlgldL._SL500_.jpg" alt="Product Image"></a><p>BeataTap Tape, Invisible Tape, 6 Rolls + 6 Refillable Dispensers, Matte Finish, Writable, 3/4″ x 650″, Transparent Tape, Clear Tape for Gift Wrapping Paper, School Supplies</p><p> -15% 0FF </p><p>$5.94 ($0.99 / Count)</p><a href="https://www.amazon.com/dp/B0DQHV6X92?tag=eloabder-20&linkCode=osi&th=1&psc=1">View Product</a></div><div class="product"><a href="https://www.amazon.com/dp/B07CB6LN5S?tag=eloabder-20&linkCode=osi&th=1&psc=1"><img src="https://m.media-amazon.com/images/I/41NNyeISnjL._SL500_.jpg" alt="Product Image"></a><p>Scotch Super-Hold Tape, 2 Rolls, Transparent Finish, 50% More Adhesive, Trusted Favorite, 3/4 x 600 Inches, Dispensered (198DM-2)</p><p> -30% 0FF </p><p>$5.97</p><a href="https://www.amazon.com/dp/B07CB6LN5S?tag=eloabder-20&linkCode=osi&th=1&psc=1">View Product</a></div><div class="product"><a href="https://www.amazon.com/dp/B00464740A?tag=eloabder-20&linkCode=osi&th=1&psc=1"><img src="https://m.media-amazon.com/images/I/51ZPFoiGfuL._SL500_.jpg" alt="Product Image"></a><p>Scotch Sure Start Shipping Packaging Tape, 1.88" x 22.2 yd, Designed for Packing, Shipping and Mailing, Quiet Unwind, No Splitting or Tearing, 1.5" Core, Clear, 6 Dispensered Rolls (145-6)</p><p> -28% 0FF </p><p>$13.48</p><a href="https://www.amazon.com/dp/B00464740A?tag=eloabder-20&linkCode=osi&th=1&psc=1">View Product</a></div><div class="product"><a href="https://www.amazon.com/dp/B09C6LLG9P?tag=eloabder-20&linkCode=osi&th=1&psc=1"><img src="https://m.media-amazon.com/images/I/41rbv66ZNBL._SL500_.jpg" alt="Product Image"></a><p>Scotch Box Lock Packaging Tape, 1 Roll with Dispenser, 1.88 in x 1000 in, Extreme Grip, Sticks Instantly to Any Box (195L)</p><p> -31% 0FF </p><p>$4.12</p><a href="https://www.amazon.com/dp/B09C6LLG9P?tag=eloabder-20&linkCode=osi&th=1&psc=1">View Product</a></div>
<div class="product"><a href="https://www.amazon.com/dp/B08QQZ71CV?tag=eloabder-20&linkCode=osi&th=1&psc=1"><img src="https://m.media-amazon.com/images/I/51Foz0aGYoS._SL500_.jpg" alt="Product Image"></a><p>Gorilla Super Glue, Clear Glue, Four 3 Gram Tubes (Pack of 1) - All Purpose and Fast Setting for Projects and Repairs</p><p> -25% 0FF </p><p>$9.49 ($22.60 / Ounce)</p><a href="https://www.amazon.com/dp/B08QQZ71CV?tag=eloabder-20&linkCode=osi&th=1&psc=1">View Product</a></div><div class="product"><a href="https://www.amazon.com/dp/B07J6R3GK7?tag=eloabder-20&linkCode=osi&th=1&psc=1"><img src="https://m.media-amazon.com/images/I/31kdOjGBkpL._SL500_.jpg" alt="Product Image"></a><p>Amazon Basics All Purpose Washable School Clear Liquid Glue - Great for Making Slime, 128 fl oz</p><p> -6% 0FF </p><p>$16.13</p><a href="https://www.amazon.com/dp/B07J6R3GK7?tag=eloabder-20&linkCode=osi&th=1&psc=1">View Product</a></div><div class="product"><a href="https://www.amazon.com/dp/B00178QQJ8?tag=eloabder-20&linkCode=osi&th=1&psc=1"><img src="https://m.media-amazon.com/images/I/41zs6k410RL._SL500_.jpg" alt="Product Image"></a><p>Mod Podge Gloss Sealer, Glue & Finish: All-in-One Craft Solution- Quick Dry, Easy Clean, for Wood, Paper, Fabric & More. Non-Toxic - Craft with Confidence, Made in USA, 16 oz., Pack of 1</p><p> -36% 0FF </p><p>$7.99 ($0.50 / Fl Oz)</p><a href="https://www.amazon.com/dp/B00178QQJ8?tag=eloabder-20&linkCode=osi&th=1&psc=1">View Product</a></div><div class="product"><a href="https://www.amazon.com/dp/B073V14DZJ?tag=eloabder-20&linkCode=osi&th=1&psc=1"><img src="https://m.media-amazon.com/images/I/31Iyy5+vk6L._SL500_.jpg" alt="Product Image"></a><p>Amazon Basics All Purpose Washable School Craft Liquid Glue for Making Slime, White, Single Pack, 1 Gallon</p><p> -7% 0FF </p><p>$15.54</p><a href="https://www.amazon.com/dp/B073V14DZJ?tag=eloabder-20&linkCode=osi&th=1&psc=1">View Product</a></div><div class="product"><a href="https://www.amazon.com/dp/B0006HUJCQ?tag=eloabder-20&linkCode=osi&th=1&psc=1"><img src="https://m.media-amazon.com/images/I/511pTqChTCL._SL500_.jpg" alt="Product Image"></a><p>Loctite Super Glue Gel Control, Clear, 0.14 fl oz Bottle, 1 Pack - Superglue for Plastic, Wood, Metal, Crafts & Repair, Cyanoacrylate Adhesive Instant Glue, Quick Dry</p><p> -13% 0FF </p><p>$3.64 ($26.00 / Fl Oz)</p><a href="https://www.amazon.com/dp/B0006HUJCQ?tag=eloabder-20&linkCode=osi&th=1&psc=1">View Product</a></div>
<div class="product"><a href="https://www.amazon.com/dp/B074XTRX7K?tag=eloabder-20&linkCode=osi&th=1&psc=1"><img src="https://m.media-amazon.com/images/I/31rOPIrMfDL._SL500_.jpg" alt="Product Image"></a><p>Amazon Basics Sturdy Binder Clips for Office Use, 96 Count (8 Pack of 12), Medium, 1.25 in, Black</p><p> -26% 0FF </p><p>$7.48</p><a href="https://www.amazon.com/dp/B074XTRX7K?tag=eloabder-20&linkCode=osi&th=1&psc=1">View Product</a></div><div class="product"><a href="https://www.amazon.com/dp/B00TQ8FDB8?tag=eloabder-20&linkCode=osi&th=1&psc=1"><img src="https://m.media-amazon.com/images/I/51y7lUrMLnL._SL500_.jpg" alt="Product Image"></a><p>ACCO Binder Clips, Medium, Black, 12 per Box, 2 Boxes (72062)</p><p> -25% 0FF </p><p>$5.96</p><a href="https://www.amazon.com/dp/B00TQ8FDB8?tag=eloabder-20&linkCode=osi&th=1&psc=1">View Product</a></div><div class="product"><a href="https://www.amazon.com/dp/B08KWCDP3C?tag=eloabder-20&linkCode=osi&th=1&psc=1"><img src="https://m.media-amazon.com/images/I/41qucDz6HuL._SL500_.jpg" alt="Product Image"></a><p>Ufmarine Medium Binder Clips 1.25 inch Length, (40 Pcs) Colorful Paper Clips Medium for Office</p><p> -12% 0FF </p><p>$5.99</p><a href="https://www.amazon.com/dp/B08KWCDP3C?tag=eloabder-20&linkCode=osi&th=1&psc=1">View Product</a></div>
<div class="product"><a href="https://www.amazon.com/dp/B09XQLJFDD?tag=eloabder-20&linkCode=osi&th=1&psc=1"><img src="https://m.media-amazon.com/images/I/41iiSFMy4uL._SL500_.jpg" alt="Product Image"></a><p>PAPERPAL Paperclips for Office School & Personal Use, #1 Nonskid Paper Clip (1-2/7"), 600 Medium Paper Clips (6 Boxes of 100 Each), Silver</p><p> -20% 0FF </p><p>$7.99</p><a href="https://www.amazon.com/dp/B09XQLJFDD?tag=eloabder-20&linkCode=osi&th=1&psc=1">View Product</a></div>

<div class="product"><a href="https://www.amazon.com/dp/B004I2G8NO?tag=eloabder-20&linkCode=osi&th=1&psc=1"><img src="https://m.media-amazon.com/images/I/51WEsLRINGL._SL500_.jpg" alt="Product Image"></a><p>Business Source Rubber Band, Natural (1914LB)</p><p> -26% 0FF </p><p>$4.00</p><a href="https://www.amazon.com/dp/B004I2G8NO?tag=eloabder-20&linkCode=osi&th=1&psc=1">View Product</a></div><div class="product"><a href="https://www.amazon.com/dp/B077GDY1LP?tag=eloabder-20&linkCode=osi&th=1&psc=1"><img src="https://m.media-amazon.com/images/I/41nn0nmNTiL._SL500_.jpg" alt="Product Image"></a><p>ANNIE 1000 RUBBER BANDS 1/2" #BLACK</p><p> -7% 0FF </p><p>$4.90 ($1.22 / Count)</p><a href="https://www.amazon.com/dp/B077GDY1LP?tag=eloabder-20&linkCode=osi&th=1&psc=1">View Product</a></div><div class="product"><a href="https://www.amazon.com/dp/B000783OPI?tag=eloabder-20&linkCode=osi&th=1&psc=1"><img src="https://m.media-amazon.com/images/I/510okXKzMqL._SL500_.jpg" alt="Product Image"></a><p>Universal 00419 19-Size Rubber Bands (335 Per Pack), Beige</p><p> -29% 0FF </p><p>$3.44</p><a href="https://www.amazon.com/dp/B000783OPI?tag=eloabder-20&linkCode=osi&th=1&psc=1">View Product</a></div><div class="product"><a href="https://www.amazon.com/dp/B00006IBRU?tag=eloabder-20&linkCode=osi&th=1&psc=1"><img src="https://m.media-amazon.com/images/I/51pU5khkX8L._SL500_.jpg" alt="Product Image"></a><p>ALL26335 - Alliance Rubber 26335 Advantage Rubber Bands - Size #33, Natural, 1 Pound 3 x 1/8 inches</p><p> -62% 0FF </p><p>$3.29</p><a href="https://www.amazon.com/dp/B00006IBRU?tag=eloabder-20&linkCode=osi&th=1&psc=1">View Product</a></div>
<div class="product"><a href="https://www.amazon.com/dp/B0DSKTZBB6?tag=eloabder-20&linkCode=osi&th=1&psc=1"><img src="https://m.media-amazon.com/images/I/415YD3kNFlL._SL500_.jpg" alt="Product Image"></a><p>300 Count Colored Index Cards 3 x 5 Inch Ruled Index Cards, Flash Cards College Ruled for School, College, Office and Home Organization, Durable Study To Do List Note Cards with Ruled Lines</p><p> -10% 0FF </p><p>$6.29</p><a href="https://www.amazon.com/dp/B0DSKTZBB6?tag=eloabder-20&linkCode=osi&th=1&psc=1">View Product</a></div><div class="product"><a href="https://www.amazon.com/dp/B09JYQZQ3V?tag=eloabder-20&linkCode=osi&th=1&psc=1"><img src="https://m.media-amazon.com/images/I/41y5vfnutuL._SL500_.jpg" alt="Product Image"></a><p>Oxford Index Cards, 3 x 5 Inches, White, Lined on Front, Blank on Back, Flashcards for School and Studying, Recipe Note Cards, 500 Count (5 Packs of 100) (40176)</p><p> -22% 0FF </p><p>$7.01</p><a href="https://www.amazon.com/dp/B09JYQZQ3V?tag=eloabder-20&linkCode=osi&th=1&psc=1">View Product</a></div>
<div class="product"><a href="https://www.amazon.com/dp/B00P9U2EM8?tag=eloabder-20&linkCode=osi&th=1&psc=1"><img src="https://m.media-amazon.com/images/I/41Op5kyIukL._SL500_.jpg" alt="Product Image"></a><p>Mead Spiral Notebook, 6 Pack, 1 Subject, College Ruled Paper, 7-1/2" x 10-1/2", 70 Sheets per Notebook, Colors Will Vary (830062-ECM25)</p><p> -46% 0FF </p><p>$6.71</p><a href="https://www.amazon.com/dp/B00P9U2EM8?tag=eloabder-20&linkCode=osi&th=1&psc=1">View Product</a></div><div class="product"><a href="https://www.amazon.com/dp/B0CQN8FVJX?tag=eloabder-20&linkCode=osi&th=1&psc=1"><img src="https://m.media-amazon.com/images/I/414WVVoGFPL._SL500_.jpg" alt="Product Image"></a><p>SUNEE Spiral Notebooks, 1-Subject, 5 Pack, College Ruled Paper, 8" x 10-1/2", 70 Sheets per Notebook,3-Hole Punched Paper, Pink,Purple, Blue, Green, Yellow Spiral Lined Notebooks for School,Work</p><p> -29% 0FF </p><p>$9.99</p><a href="https://www.amazon.com/dp/B0CQN8FVJX?tag=eloabder-20&linkCode=osi&th=1&psc=1">View Product</a></div><div class="product"><a href="https://www.amazon.com/dp/B08NYRMWZ8?tag=eloabder-20&linkCode=osi&th=1&psc=1"><img src="https://m.media-amazon.com/images/I/41y1cnNXtOL._SL500_.jpg" alt="Product Image"></a><p>Yansanido Spiral Notebook, 4 Pcs 8.3 Inch x 5.9 Inch A5 Thick Plastic Hardcover 8mm Ruled 4 Color 80 Sheets -160 Pages Journals for Study and Notes (style 10-Wine Red,Brown,Green,ivory, A5)</p><p> -23% 0FF </p><p>$9.99</p><a href="https://www.amazon.com/dp/B08NYRMWZ8?tag=eloabder-20&linkCode=osi&th=1&psc=1">View Product</a></div><div class="product"><a href="https://www.amazon.com/dp/B08VF9VYLZ?tag=eloabder-20&linkCode=osi&th=1&psc=1"><img src="https://m.media-amazon.com/images/I/41ktUSmtHAL._SL500_.jpg" alt="Product Image"></a><p>Oxford Spiral Notebooks, 6 Pack, 1 Subject, Wide Ruled Notebooks for School, 8 x 10.5 Inches, 70 Sheets, Assorted Pastel Colors, Back to School Supplies (63757)</p><p> -6% 0FF </p><p>$8.99</p><a href="https://www.amazon.com/dp/B08VF9VYLZ?tag=eloabder-20&linkCode=osi&th=1&psc=1">View Product</a></div>
<div class="product"><a href="https://www.amazon.com/dp/B0FDRCSXZH?tag=eloabder-20&linkCode=osi&th=1&psc=1"><img src="https://m.media-amazon.com/images/I/41rYztS-0zL._SL500_.jpg" alt="Product Image"></a><p>5pcs Small Note Pads, Color Notepads 5x8 College Ruled Notebook, Writing Pads 5 x 8, Legal Pads, Memo Pad Paper Perforate Narrow Ruled Notebooks for Work, School, Office Supplies,30 Sheets/Pack</p><p> -14% 0FF </p><p>$5.99</p><a href="https://www.amazon.com/dp/B0FDRCSXZH?tag=eloabder-20&linkCode=osi&th=1&psc=1">View Product</a></div><div class="product"><a href="https://www.amazon.com/dp/B0BZQNCV62?tag=eloabder-20&linkCode=osi&th=1&psc=1"><img src="https://m.media-amazon.com/images/I/41yNqvqCwoL._SL500_.jpg" alt="Product Image"></a><p>Alitte Legal Notepads 8.5 x 11, Pack of 12 - Perforated Wide Ruled Writing Pad - Premium Thick Paper, No Ink Bleeding - Blank Legal Pads For Home, Office, School, Business - 50 Sheets Per Notebook</p><p> -17% 0FF </p><p>$24.99</p><a href="https://www.amazon.com/dp/B0BZQNCV62?tag=eloabder-20&linkCode=osi&th=1&psc=1">View Product</a></div>
<div class="product"><a href="https://www.amazon.com/dp/B0C7S1PCX4?tag=eloabder-20&linkCode=osi&th=1&psc=1"><img src="https://m.media-amazon.com/images/I/41nVRBg2klL._SL500_.jpg" alt="Product Image"></a><p>Oxford 8.5 x 11 Legal Pads, 12 Pack, Wide Ruled, Yellow Paper, 50 Sheets Per Writing Pad, Made in the USA (74020)</p><p> -30% 0FF </p><p>$12.60</p><a href="https://www.amazon.com/dp/B0C7S1PCX4?tag=eloabder-20&linkCode=osi&th=1&psc=1">View Product</a></div><div class="product"><a href="https://www.amazon.com/dp/B0CGF22134?tag=eloabder-20&linkCode=osi&th=1&psc=1"><img src="https://m.media-amazon.com/images/I/41FzLgeXAyL._SL500_.jpg" alt="Product Image"></a><p>MSKKSM Legal Pads 8.5 x 11, 3 Pack Yellow Note Pads 8.5 x 11 Writing Pads, Wide Ruled Legal Notepads, Lined Pads of Paper Yellow Paper Pads, 30 Sheets Per Notepad for School, Home, Office, Business</p><p> -17% 0FF </p><p>$9.99</p><a href="https://www.amazon.com/dp/B0CGF22134?tag=eloabder-20&linkCode=osi&th=1&psc=1">View Product</a></div><div class="product"><a href="https://www.amazon.com/dp/B0FCMWHFC2?tag=eloabder-20&linkCode=osi&th=1&psc=1"><img src="https://m.media-amazon.com/images/I/41MMVFB-S4L._SL500_.jpg" alt="Product Image"></a><p>5pcs Legal Pads 8.5 x 11, Notepads 8.5 x 11 Inch, Color Note Pads Clear Print Writing Pads of Paper, Memo Pads , Perforate Legal Notepads Paper , Wide Ruled Lined with Sturdy Back,30 Sheets/Pack</p><p> -8% 0FF </p><p>$11.99</p><a href="https://www.amazon.com/dp/B0FCMWHFC2?tag=eloabder-20&linkCode=osi&th=1&psc=1">View Product</a></div>
<div class="product"><a href="https://www.amazon.com/dp/B08H593JZG?tag=eloabder-20&linkCode=osi&th=1&psc=1"><img src="https://m.media-amazon.com/images/I/415Ykzo-lyL._SL500_.jpg" alt="Product Image"></a><p>Eastern Wolf 8 Pads Sticky Notes 3x3 Self-Stick Notes 8 Bright Multi Colors Purple Sticky Notes, 85 Sheet/Pad</p><p> -20% 0FF </p><p>$5.59</p><a href="https://www.amazon.com/dp/B08H593JZG?tag=eloabder-20&linkCode=osi&th=1&psc=1">View Product</a></div><div class="product"><a href="https://www.amazon.com/dp/B0BPJW13CM?tag=eloabder-20&linkCode=osi&th=1&psc=1"><img src="https://m.media-amazon.com/images/I/41uKwTyz1rL._SL500_.jpg" alt="Product Image"></a><p>Post-it 100% Recycled Paper Super Sticky Notes, 2X The Sticking Power, 3x3 in, 5 Pads, 70 Sheets/Pad, Wanderlust Pastels Collection (654R-5SSNRP)</p><p> -33% 0FF </p><p>$5.98</p><a href="https://www.amazon.com/dp/B0BPJW13CM?tag=eloabder-20&linkCode=osi&th=1&psc=1">View Product</a></div><div class="product"><a href="https://www.amazon.com/dp/B0D6RPPK9H?tag=eloabder-20&linkCode=osi&th=1&psc=1"><img src="https://m.media-amazon.com/images/I/41O8zZ-RN4L._SL500_.jpg" alt="Product Image"></a><p>(18 Pads) Sticky Notes 3x3 inch, Self-Stick Pads Bright Colors Sticky Note, Recyclable, Easy to Post for Home, Office, Notebook</p><p> -40% 0FF </p><p>$8.39</p><a href="https://www.amazon.com/dp/B0D6RPPK9H?tag=eloabder-20&linkCode=osi&th=1&psc=1">View Product</a></div><div class="product"><a href="https://www.amazon.com/dp/B0CMGJ6FRB?tag=eloabder-20&linkCode=osi&th=1&psc=1"><img src="https://m.media-amazon.com/images/I/41xF9DqIGZL._SL500_.jpg" alt="Product Image"></a><p>Sticky Notes, 12 Pads, 3x3 inches, Soft Pastel Self-Stick Note Pads, Perfect for Office, Study, and Daily Life Organization - Soft Pastel</p><p> -16% 0FF </p><p>$5.06</p><a href="https://www.amazon.com/dp/B0CMGJ6FRB?tag=eloabder-20&linkCode=osi&th=1&psc=1">View Product</a></div>
<div class="product"><a href="https://www.amazon.com/dp/B07VRYX57R?tag=eloabder-20&linkCode=osi&th=1&psc=1"><img src="https://m.media-amazon.com/images/I/410XbLRqukL._SL500_.jpg" alt="Product Image"></a><p>(24 Pack) Sticky Notes 3x3 in Post Bright Stickies Colorful Super Sticking Power Memo Pads, Strong Adhesive, 74 Sheets/pad</p><p> -35% 0FF </p><p>$16.99</p><a href="https://www.amazon.com/dp/B07VRYX57R?tag=eloabder-20&linkCode=osi&th=1&psc=1">View Product</a></div><div class="product"><a href="https://www.amazon.com/dp/B00QSR9PRI?tag=eloabder-20&linkCode=osi&th=1&psc=1"><img src="https://m.media-amazon.com/images/I/31n-YNlgraL._SL500_.jpg" alt="Product Image"></a><p>Amazon Basics Narrow Ruled Lined Writing Note Pad, 5 inch x 8 inch, White, 12 Count (12 Pack of 50 pages)</p><p> -6% 0FF </p><p>$8.78</p><a href="https://www.amazon.com/dp/B00QSR9PRI?tag=eloabder-20&linkCode=osi&th=1&psc=1">View Product</a></div><div class="product"><a href="https://www.amazon.com/dp/B0D5M4D3NN?tag=eloabder-20&linkCode=osi&th=1&psc=1"><img src="https://m.media-amazon.com/images/I/41uzPvHBCDL._SL500_.jpg" alt="Product Image"></a><p>(12 Pack) Lined Sticky Notes 4x6 in Ruled Stickies Super Sticking Power Memo Pads Bright Colors</p><p> -40% 0FF </p><p>$8.98</p><a href="https://www.amazon.com/dp/B0D5M4D3NN?tag=eloabder-20&linkCode=osi&th=1&psc=1">View Product</a></div><div class="product"><a href="https://www.amazon.com/dp/B0CQK3M5VK?tag=eloabder-20&linkCode=osi&th=1&psc=1"><img src="https://m.media-amazon.com/images/I/31jKEzc1qFL._SL500_.jpg" alt="Product Image"></a><p>Note Pads 4x6 Inch, 6 Pack Blank Scratch Pads, 50 Sheets Per Memo Pad for Writing, White Pad of Paper Suit for Home, Office and School, Tear off Notepad, Small Server Notebook</p><p> -10% 0FF </p><p>$6.29</p><a href="https://www.amazon.com/dp/B0CQK3M5VK?tag=eloabder-20&linkCode=osi&th=1&psc=1">View Product</a></div>
<div class="product"><a href="https://www.amazon.com/dp/B0F5D4VNBX?tag=eloabder-20&linkCode=osi&th=1&psc=1"><img src="https://m.media-amazon.com/images/I/41SnXbixNcL._SL500_.jpg" alt="Product Image"></a><p>Blue Sky 2026 Weekly and Monthly Planner Calendar, Includes January 2026 - December 2026, 5" x 8", Flexible Cover, Wirebound, Laminated Tabs, Enterprise</p><p> -10% 0FF </p><p>$8.99</p><a href="https://www.amazon.com/dp/B0F5D4VNBX?tag=eloabder-20&linkCode=osi&th=1&psc=1">View Product</a></div><div class="product"><a href="https://www.amazon.com/dp/B0FRNQDRCR?tag=eloabder-20&linkCode=osi&th=1&psc=1"><img src="https://m.media-amazon.com/images/I/51rBf1oJchL._SL500_.jpg" alt="Product Image"></a><p>Essential PRO 2026 Daily, Weekly & Monthly Planner, 7"x9": 14 Months (Nov 2025 - Dec 2026) Monthly Tabs,Daily Tracking,Notes Pages,Storage Pocket,Bookmark w Sticky Notes (Tree Seasons)</p><p> -14% 0FF </p><p>$29.95</p><a href="https://www.amazon.com/dp/B0FRNQDRCR?tag=eloabder-20&linkCode=osi&th=1&psc=1">View Product</a></div><div class="product"><a href="https://www.amazon.com/dp/B0DYBQWJ5S?tag=eloabder-20&linkCode=osi&th=1&psc=1"><img src="https://m.media-amazon.com/images/I/41UP6Ui7BjL._SL500_.jpg" alt="Product Image"></a><p>AT-A-GLANCE 2026 Appointment Book Planner, Weekly, 8" x 11", Large, Quarter-Hourly, DayMinder, Black (G5200026)</p><p> -45% 0FF </p><p>$15.87</p><a href="https://www.amazon.com/dp/B0DYBQWJ5S?tag=eloabder-20&linkCode=osi&th=1&psc=1">View Product</a></div><div class="product"><a href="https://www.amazon.com/dp/B0DJ8SXCR4?tag=eloabder-20&linkCode=osi&th=1&psc=1"><img src="https://m.media-amazon.com/images/I/41sRmmLvCsL._SL500_.jpg" alt="Product Image"></a><p>Planner 2025-2026, Weekly and Monthly Calendar Academic Planner (July 2025 - June 2026), Hardcover Teacher School Student Agenda with Tabs, Ideal for School Office Supplies, A5 (6.3" x 8.5") - Green</p><p> -25% 0FF </p><p>$8.99</p><a href="https://www.amazon.com/dp/B0DJ8SXCR4?tag=eloabder-20&linkCode=osi&th=1&psc=1">View Product</a></div><div class="product"><a href="https://www.amazon.com/dp/B0D2VW43KP?tag=eloabder-20&linkCode=osi&th=1&psc=1"><img src="https://m.media-amazon.com/images/I/41eyA1Q1U4L._SL500_.jpg" alt="Product Image"></a><p>Forvencer 2026 Planner, Hardcover Calendar Planner Weekly and Monthly, January 2026 - December 2026, 8.5" x 11", Spiral Agenda Book with Tabs, Exquisite Daily Journal with Inner Pocket, Organizer Notebook for Office Home School, A4 Size, Green</p><p> -41% 0FF </p><p>$9.99</p><a href="https://www.amazon.com/dp/B0D2VW43KP?tag=eloabder-20&linkCode=osi&th=1&psc=1">View Product</a></div>

<div class="product"><a href="https://www.amazon.com/dp/B0033J6V3A?tag=eloabder-20&linkCode=osi&th=1&psc=1"><img src="https://m.media-amazon.com/images/I/21o5ASbichL._SL500_.jpg" alt="Product Image"></a><p>NuSparc 2 Drawer Locking Filing Cabinet | Pre-Assembled Steel Construction | Space-Saving Design is Perfect for Home and Small Office | Letter-Size | Assembled in North America</p><p> -14% 0FF </p><p>$76.99</p><a href="https://www.amazon.com/dp/B0033J6V3A?tag=eloabder-20&linkCode=osi&th=1&psc=1">View Product</a></div><div class="product"><a href="https://www.amazon.com/dp/B0D9XYD75W?tag=eloabder-20&linkCode=osi&th=1&psc=1"><img src="https://m.media-amazon.com/images/I/31VM3xK++PL._SL500_.jpg" alt="Product Image"></a><p>BYNSOE 2 Drawer File Cabinet with Lock Vertical Filing Storage Cabinet Office Home Steel Vertical File Cabinets for Letter Size File Cabinet Locked,Assembly Required</p><p> -8% 0FF </p><p>$54.99</p><a href="https://www.amazon.com/dp/B0D9XYD75W?tag=eloabder-20&linkCode=osi&th=1&psc=1">View Product</a></div><div class="product"><a href="https://www.amazon.com/dp/B0989HLF81?tag=eloabder-20&linkCode=osi&th=1&psc=1"><img src="https://m.media-amazon.com/images/I/51vzgnkbcjL._SL500_.jpg" alt="Product Image"></a><p>DEVAISE 3 Drawer Mobile File Cabinet, Wood Lateral Filing Cabinet, Printer Stand with Open Shelves for Home Office, Rustic Brown</p><p> -21% 0FF </p><p>$74.99</p><a href="https://www.amazon.com/dp/B0989HLF81?tag=eloabder-20&linkCode=osi&th=1&psc=1">View Product</a></div>
<div class="product"><a href="https://www.amazon.com/dp/B00006RSQD?tag=eloabder-20&linkCode=osi&th=1&psc=1"><img src="https://m.media-amazon.com/images/I/315rez3KpeL._SL500_.jpg" alt="Product Image"></a><p>Bush Business Furniture Series C 36W Tall 5 Shelf Bookcase in Hansen Cherry, Large Storage and Display Bookshelf for Home or Professional Office</p><p> -8% 0FF </p><p>$239.49</p><a href="https://www.amazon.com/dp/B00006RSQD?tag=eloabder-20&linkCode=osi&th=1&psc=1">View Product</a></div>
<div class="product"><a href="https://www.amazon.com/dp/B09F6JPYSY?tag=eloabder-20&linkCode=osi&th=1&psc=1"><img src="https://m.media-amazon.com/images/I/51fGLH7lhHL._SL500_.jpg" alt="Product Image"></a><p>SPACELEAD Slim Storage Cart 3 Tier,Bathroom Organizer Rolling Utility,Mobile Shelving Unit Slide Out for Office, Kitchen, Laundry Room & Narrow Places,Black</p><p> -30% 0FF </p><p>$20.99</p><a href="https://www.amazon.com/dp/B09F6JPYSY?tag=eloabder-20&linkCode=osi&th=1&psc=1">View Product</a></div><div class="product"><a href="https://www.amazon.com/dp/B08KFTVGQY?tag=eloabder-20&linkCode=osi&th=1&psc=1"><img src="https://m.media-amazon.com/images/I/51BjUEmGaiL._SL500_.jpg" alt="Product Image"></a><p>SONGMICS Cube Storage Organizer, Set of 16 Plastic Cubes, Closet Organizers and Storage, Room Organization, Bedroom Living Room, 12.2 x 48.4 x 48.4 Inches, Rustic Brown ULPC442A01</p><p> -15% 0FF </p><p>$46.99</p><a href="https://www.amazon.com/dp/B08KFTVGQY?tag=eloabder-20&linkCode=osi&th=1&psc=1">View Product</a></div><div class="product"><a href="https://www.amazon.com/dp/B0DG359YX5?tag=eloabder-20&linkCode=osi&th=1&psc=1"><img src="https://m.media-amazon.com/images/I/41OBXL4HJdL._SL500_.jpg" alt="Product Image"></a><p>VIVO Clamp-on 13 inch Above or Below Desk 2-Tier Shelving Unit for Table Accessories, Gaming Devices, and More, Storage Tray, Desktop Organizer, Rustic Vintage Brown, STAND-SHELF2C-N</p><p> -20% 0FF </p><p>$39.99</p><a href="https://www.amazon.com/dp/B0DG359YX5?tag=eloabder-20&linkCode=osi&th=1&psc=1">View Product</a></div><div class="product"><a href="https://www.amazon.com/dp/B0D7S5GGP6?tag=eloabder-20&linkCode=osi&th=1&psc=1"><img src="https://m.media-amazon.com/images/I/51EriWG2BLL._SL500_.jpg" alt="Product Image"></a><p>C&AHOME Wire Cube Storage, 9 - Cube Organizer Metal C Grids, Modular Shelves Units, Closet Organizer, Ideal for Home, Office, Living Room, 36.6”L x 12.4”W x 48.4”H, Silver Gray UWCS3009G</p><p> -33% 0FF </p><p>$28.87</p><a href="https://www.amazon.com/dp/B0D7S5GGP6?tag=eloabder-20&linkCode=osi&th=1&psc=1">View Product</a></div>
<div class="product"><a href="https://www.amazon.com/dp/B0B1M6ML2J?tag=eloabder-20&linkCode=osi&th=1&psc=1"><img src="https://m.media-amazon.com/images/I/51pX2Qo38JL._SL500_.jpg" alt="Product Image"></a><p>WOWBOX 25 PCS Clear Plastic Drawer Organizer Set, 4 Sizes Desk Drawer Divider Organizers and Storage Bins for Makeup, Jewelry, Gadgets for Kitchen, Bedroom, Bathroom, Office</p><p> -35% 0FF </p><p>$16.13 ($0.65 / Count)</p><a href="https://www.amazon.com/dp/B0B1M6ML2J?tag=eloabder-20&linkCode=osi&th=1&psc=1">View Product</a></div><div class="product"><a href="https://www.amazon.com/dp/B0DB8F7GDN?tag=eloabder-20&linkCode=osi&th=1&psc=1"><img src="https://m.media-amazon.com/images/I/51iOtKHzvCL._SL500_.jpg" alt="Product Image"></a><p>OPNICE Desk Organizer and Accessories, 2-Tier Computer Monitor Stand Riser with Drawer and 2 Pen Holders, Laptop Stand, Office Desk Accessories for Office Supplies, Black</p><p> -27% 0FF </p><p>$21.99</p><a href="https://www.amazon.com/dp/B0DB8F7GDN?tag=eloabder-20&linkCode=osi&th=1&psc=1">View Product</a></div><div class="product"><a href="https://www.amazon.com/dp/B0FQ86P4M3?tag=eloabder-20&linkCode=osi&th=1&psc=1"><img src="https://m.media-amazon.com/images/I/41ZDdyGnPxL._SL500_.jpg" alt="Product Image"></a><p>Mind Reader 2-Tier Desk Organizer with Clamp, Accessory Shelf for Office or Gaming, Office, Metal, White</p><p> -5% 0FF </p><p>$37.99</p><a href="https://www.amazon.com/dp/B0FQ86P4M3?tag=eloabder-20&linkCode=osi&th=1&psc=1">View Product</a></div><div class="product"><a href="https://www.amazon.com/dp/B0BYDGF8DT?tag=eloabder-20&linkCode=osi&th=1&psc=1"><img src="https://m.media-amazon.com/images/I/51sE2GzgVNL._SL500_.jpg" alt="Product Image"></a><p>OPNICE Desk Organizer and Accessories, 4-Tier Desktop File Organizer with Drawer and 2 Pen Holders, Office Desk Accessories, Workspace Organizers for Office Supplies(Black)</p><p> -33% 0FF </p><p>$19.99</p><a href="https://www.amazon.com/dp/B0BYDGF8DT?tag=eloabder-20&linkCode=osi&th=1&psc=1">View Product</a></div><div class="product"><a href="https://www.amazon.com/dp/B0DJKSMV2T?tag=eloabder-20&linkCode=osi&th=1&psc=1"><img src="https://m.media-amazon.com/images/I/41gO3CCIg1L._SL500_.jpg" alt="Product Image"></a><p>gianotter Dual Monitor Stand Riser, Desk Organizer With Drawer and 2 Pen Holders, Computer Monitor Stand, Shelf for Top of Desk, Black</p><p> -28% 0FF </p><p>$25.99</p><a href="https://www.amazon.com/dp/B0DJKSMV2T?tag=eloabder-20&linkCode=osi&th=1&psc=1">View Product</a></div><div class="product"><a href="https://www.amazon.com/dp/B0BWTT3WK1?tag=eloabder-20&linkCode=osi&th=1&psc=1"><img src="https://m.media-amazon.com/images/I/51JTe2SjicL._SL500_.jpg" alt="Product Image"></a><p>gianotter Desk Organizers and Accessories with File Holder, 4-Tier Desk Accessories & Workspace Organizers with Drawer and 2 Pen Holder, Paper Organizer for Office Supplies (Rose Gold)</p><p> -27% 0FF </p><p>$23.99</p><a href="https://www.amazon.com/dp/B0BWTT3WK1?tag=eloabder-20&linkCode=osi&th=1&psc=1">View Product</a></div><div class="product"><a href="https://www.amazon.com/dp/B09QKDY1YY?tag=eloabder-20&linkCode=osi&th=1&psc=1"><img src="https://m.media-amazon.com/images/I/519UVM73B6L._SL500_.jpg" alt="Product Image"></a><p>Supeasy 5 Trays Paper Organizer Letter Tray with Handle-Mesh Desk File Organizer, Paper Sorter Desk Organizer for Office, Home or School</p><p> -17% 0FF </p><p>$19.99</p><a href="https://www.amazon.com/dp/B09QKDY1YY?tag=eloabder-20&linkCode=osi&th=1&psc=1">View Product</a></div><div class="product"><a href="https://www.amazon.com/dp/B08PBFKGJG?tag=eloabder-20&linkCode=osi&th=1&psc=1"><img src="https://m.media-amazon.com/images/I/61WfW0WLsqL._SL500_.jpg" alt="Product Image"></a><p>Marbrasse 6 Tier Paper Organizer Letter Tray - Mesh Desk File Organizer with Handle, Paper Sorter Organizer for Letter/A4 Office File Folder Holder - Black</p><p> -23% 0FF </p><p>$19.98</p><a href="https://www.amazon.com/dp/B08PBFKGJG?tag=eloabder-20&linkCode=osi&th=1&psc=1">View Product</a></div><div class="product"><a href="https://www.amazon.com/dp/B09K5927B5?tag=eloabder-20&linkCode=osi&th=1&psc=1"><img src="https://m.media-amazon.com/images/I/51u5tZ4jR6L._SL500_.jpg" alt="Product Image"></a><p>Marbrasse Desk Organizer with File Holder, 5-Tier Paper Letter Tray Organizer with Drawer and 2 Pen Holder, Mesh Desktop Organizer and Storage with Magazine Holder for Office Supplies(Black)</p><p> -24% 0FF </p><p>$33.99</p><a href="https://www.amazon.com/dp/B09K5927B5?tag=eloabder-20&linkCode=osi&th=1&psc=1">View Product</a></div>
<div class="product"><a href="https://www.amazon.com/dp/B0CNXF7SVS?tag=eloabder-20&linkCode=osi&th=1&psc=1"><img src="https://m.media-amazon.com/images/I/51a6EswyTZL._SL500_.jpg" alt="Product Image"></a><p>Manalete Drawer Organizers Set of 15, 4 Sizes Clear Plastic Drawer Organizers and Storage Bins for Kitchen, Bathroom, Office, Dresser Desk Drawer Organizer Tray for Jewelry, Makeup, Junk, Gadgets</p><p> -29% 0FF </p><p>$9.99</p><a href="https://www.amazon.com/dp/B0CNXF7SVS?tag=eloabder-20&linkCode=osi&th=1&psc=1">View Product</a></div><div class="product"><a href="https://www.amazon.com/dp/B0CCY5X6SS?tag=eloabder-20&linkCode=osi&th=1&psc=1"><img src="https://m.media-amazon.com/images/I/41Iye-vPXJL._SL500_.jpg" alt="Product Image"></a><p>Bamboo Drawer Organizer Set, 5 PCS Multi-Use Individual Wood Storage Organizers, Junk Drawer Divider and Storage Trays Containers for Kitchen, Bathroom, Office Desk, Makeup, Jewelry, Utensils</p><p> -20% 0FF </p><p>$19.99 ($4.00 / Count)</p><a href="https://www.amazon.com/dp/B0CCY5X6SS?tag=eloabder-20&linkCode=osi&th=1&psc=1">View Product</a></div><div class="product"><a href="https://www.amazon.com/dp/B0CCDJQ7MM?tag=eloabder-20&linkCode=osi&th=1&psc=1"><img src="https://m.media-amazon.com/images/I/51kU0WJxdsL._SL500_.jpg" alt="Product Image"></a><p>Marbrasse Expandable Desk Drawer Organizer, Mesh Drawer Organizer Tray with 10 Adjustable Compartments, Desk Organizers and Accessories, 5 Dividers Drawer for Office Supplies, Makeup & Vanity (Black)</p><p> -15% 0FF </p><p>$17.84</p><a href="https://www.amazon.com/dp/B0CCDJQ7MM?tag=eloabder-20&linkCode=osi&th=1&psc=1">View Product</a></div><div class="product"><a href="https://www.amazon.com/dp/B0DM27MBZN?tag=eloabder-20&linkCode=osi&th=1&psc=1"><img src="https://m.media-amazon.com/images/I/41hAfSMnrZL._SL500_.jpg" alt="Product Image"></a><p>ElegantArray 12 PCS Drawer Organizer Set, 4 Sizes Storage Drawer Units, Clear Plastic Makeup Vanity Organizer and Storage Bins for Makeup, Stationeries, Multiple Gadgets for Bathroom, Office, Bedroom</p><p> -31% 0FF </p><p>$8.99</p><a href="https://www.amazon.com/dp/B0DM27MBZN?tag=eloabder-20&linkCode=osi&th=1&psc=1">View Product</a></div>
<div class="product"><a href="https://www.amazon.com/dp/B0C4T42TPC?tag=eloabder-20&linkCode=osi&th=1&psc=1"><img src="https://m.media-amazon.com/images/I/318IsyAsPXL._SL500_.jpg" alt="Product Image"></a><p>Adjustable Mobile CPU Stand, Ventilated Computer Tower Stand with 4 Caster Wheels Fits Most PC Tower, Under Desk CPU Holder PC Floor Cart Computer Riser for Gamers and Students (Black)</p><p> -21% 0FF </p><p>$14.21</p><a href="https://www.amazon.com/dp/B0C4T42TPC?tag=eloabder-20&linkCode=osi&th=1&psc=1">View Product</a></div><div class="product"><a href="https://www.amazon.com/dp/B094QTGHNZ?tag=eloabder-20&linkCode=osi&th=1&psc=1"><img src="https://m.media-amazon.com/images/I/31VzBQ+jwWL._SL500_.jpg" alt="Product Image"></a><p>WALI Computer Monitor Stand for Desk, Adjustable Laptop Riser, Desk Monitor Stand Underneath Storage for Office, Home, School Supplies (STT003), 1 Pack, Black</p><p> -32% 0FF </p><p>$16.99</p><a href="https://www.amazon.com/dp/B094QTGHNZ?tag=eloabder-20&linkCode=osi&th=1&psc=1">View Product</a></div><div class="product"><a href="https://www.amazon.com/dp/B07H4DMLVH?tag=eloabder-20&linkCode=osi&th=1&psc=1"><img src="https://m.media-amazon.com/images/I/31eTfKhpSWL._SL500_.jpg" alt="Product Image"></a><p>HUANUO Monitor Stand, Monitor Stand Riser 3 Height Adjustable, Monitor Riser with Airflow Vents, Laptop Stand for Desk, Laptop Riser, Desk Organizer for Monitor, 15.6" Laptop, PC, Printer</p><p> -11% 0FF </p><p>$15.19</p><a href="https://www.amazon.com/dp/B07H4DMLVH?tag=eloabder-20&linkCode=osi&th=1&psc=1">View Product</a></div><div class="product"><a href="https://www.amazon.com/dp/B0D69W6H91?tag=eloabder-20&linkCode=osi&th=1&psc=1"><img src="https://m.media-amazon.com/images/I/51rQI+gi3lL._SL500_.jpg" alt="Product Image"></a><p>JANE EYRE Computer Tower Stand - Adjustable PC Tower Stand CPU Holder Cart with Charging Station for Office Home Classroom,23.03"-28.3" H, black</p><p> -10% 0FF </p><p>$53.99</p><a href="https://www.amazon.com/dp/B0D69W6H91?tag=eloabder-20&linkCode=osi&th=1&psc=1">View Product</a></div><div class="product"><a href="https://www.amazon.com/dp/B0C4T34L9Y?tag=eloabder-20&linkCode=osi&th=1&psc=1"><img src="https://m.media-amazon.com/images/I/51BNMGXNOEL._SL500_.jpg" alt="Product Image"></a><p>BONTEC Wooden Monitor Stand Riser, 2-Tier Desk Shelf with Storage Organizer, Ergonomic Computer Stand with Cable Management, Cellphone Holder, White, 16.5 Inch</p><p> -33% 0FF </p><p>$18.04</p><a href="https://www.amazon.com/dp/B0C4T34L9Y?tag=eloabder-20&linkCode=osi&th=1&psc=1">View Product</a></div><div class="product"><a href="https://www.amazon.com/dp/B08BRCT4JH?tag=eloabder-20&linkCode=osi&th=1&psc=1"><img src="https://m.media-amazon.com/images/I/41Ga6A+cXbL._SL500_.jpg" alt="Product Image"></a><p>BESIGN LS03 Aluminum Laptop Stand, Ergonomic Detachable Computer Stand, Notebook Riser Compatible with Air, Pro, Dell, HP, Lenovo More 10-15.6" Laptops, Silver</p><p> -25% 0FF </p><p>$14.98</p><a href="https://www.amazon.com/dp/B08BRCT4JH?tag=eloabder-20&linkCode=osi&th=1&psc=1">View Product</a></div>
<div class="product"><a href="https://www.amazon.com/dp/B07Q79ZZJ6?tag=eloabder-20&linkCode=osi&th=1&psc=1"><img src="https://m.media-amazon.com/images/I/31-LBzENQIL._SL500_.jpg" alt="Product Image"></a><p>Single LCD Computer Monitor Free-Standing Desk Stand Mount Riser for 13 inch to 32 inch screen with Swivel, Height Adjustable, Rotation, Vesa Base Stand Holds One (1) Screen up to 77Lbs(HT05B-001))</p><p> -34% 0FF </p><p>$21.99</p><a href="https://www.amazon.com/dp/B07Q79ZZJ6?tag=eloabder-20&linkCode=osi&th=1&psc=1">View Product</a></div><div class="product"><a href="https://www.amazon.com/dp/B082845XM8?tag=eloabder-20&linkCode=osi&th=1&psc=1"><img src="https://m.media-amazon.com/images/I/41uRH1B7HgL._SL500_.jpg" alt="Product Image"></a><p>Dual Monitor Stand - Vertical Stack Screen Free-Standing Monitor Riser Fits Two 13 to 34 Inch Screen with Swivel, Tilt, Height Adjustable, Holds One (1) Screen Up to 44Lbs</p><p> -5% 0FF </p><p>$31.56</p><a href="https://www.amazon.com/dp/B082845XM8?tag=eloabder-20&linkCode=osi&th=1&psc=1">View Product</a></div><div class="product"><a href="https://www.amazon.com/dp/B00X4SCCFG?tag=eloabder-20&linkCode=osi&th=1&psc=1"><img src="https://m.media-amazon.com/images/I/21X2klzUZGL._SL500_.jpg" alt="Product Image"></a><p>Amazon Basics Height Adjustable Rectangular Computer Monitor Riser Desk Stand with Storage for Reduced Neck Strain - Fits Monitors, Laptops Up to 22lbs, Black</p><p> -35% 0FF </p><p>$14.06</p><a href="https://www.amazon.com/dp/B00X4SCCFG?tag=eloabder-20&linkCode=osi&th=1&psc=1">View Product</a></div>
<div class="product"><a href="https://www.amazon.com/dp/B07HFDJCSL?tag=eloabder-20&linkCode=osi&th=1&psc=1"><img src="https://m.media-amazon.com/images/I/41DR7qY1naL._SL500_.jpg" alt="Product Image"></a><p>VIVO Large Keyboard Tray Under Desk Pull Out with Extra Sturdy C Clamp Mount System, 27 (33 Including Clamps) x 11 Inch Slide-Out Platform Computer Drawer for Typing, Black, MOUNT-KB05E</p><p> -17% 0FF </p><p>$49.99</p><a href="https://www.amazon.com/dp/B07HFDJCSL?tag=eloabder-20&linkCode=osi&th=1&psc=1">View Product</a></div><div class="product"><a href="https://www.amazon.com/dp/B082NKBM62?tag=eloabder-20&linkCode=osi&th=1&psc=1"><img src="https://m.media-amazon.com/images/I/41qQ3p9-mrL._SL500_.jpg" alt="Product Image"></a><p>HUANUO Keyboard Tray Under Desk, 360 Adjustable Ergonomic Sliding Keyboard & Mouse Tray, Under Desk Keyboard Tray Slide Out, Keyboard Holder Under Desk for Typing in Home, Office Work, 25"W x 9.84"D</p><p> -33% 0FF </p><p>$59.98</p><a href="https://www.amazon.com/dp/B082NKBM62?tag=eloabder-20&linkCode=osi&th=1&psc=1">View Product</a></div><div class="product"><a href="https://www.amazon.com/dp/B0F23GTKHL?tag=eloabder-20&linkCode=osi&th=1&psc=1"><img src="https://m.media-amazon.com/images/I/41dmHoeznDL._SL500_.jpg" alt="Product Image"></a><p>Zontera Ergonomic Mouse & Keyboard Tray Under Desk, Pull Out with Adjustable C-clamp, 20 (25.9 Including Clamps) x 11.8 Inch Slide Out Computer Keyboard Drawer Mouse Tray for Typing, Black</p><p> -7% 0FF </p><p>$25.99</p><a href="https://www.amazon.com/dp/B0F23GTKHL?tag=eloabder-20&linkCode=osi&th=1&psc=1">View Product</a></div><div class="product"><a href="https://www.amazon.com/dp/B01IIGMBVI?tag=eloabder-20&linkCode=osi&th=1&psc=1"><img src="https://m.media-amazon.com/images/I/21Vw8003F0L._SL500_.jpg" alt="Product Image"></a><p>Alera ALE Valencia Series Underdesk Keyboard/Mouse Shelf, 28w x 12d, Black</p><p> -50% 0FF </p><p>$29.22</p><a href="https://www.amazon.com/dp/B01IIGMBVI?tag=eloabder-20&linkCode=osi&th=1&psc=1">View Product</a></div>
<div class="product"><a href="https://www.amazon.com/dp/B07C3XZMC6?tag=eloabder-20&linkCode=osi&th=1&psc=1"><img src="https://m.media-amazon.com/images/I/31Eojf7glwL._SL500_.jpg" alt="Product Image"></a><p>JIKIOU 3 Pack Mouse Pad with Stitched Edge, Comfortable Mouse Pads with Non-Slip Rubber Base, Washable Mousepads Bulk with Comfortable Cloth, Mouse Pads for Computers Laptop Mouse 10.2x8.3inch Black</p><p> -29% 0FF </p><p>$7.99</p><a href="https://www.amazon.com/dp/B07C3XZMC6?tag=eloabder-20&linkCode=osi&th=1&psc=1">View Product</a></div><div class="product"><a href="https://www.amazon.com/dp/B085XRMSTT?tag=eloabder-20&linkCode=osi&th=1&psc=1"><img src="https://m.media-amazon.com/images/I/31aDSI0sFoL._SL500_.jpg" alt="Product Image"></a><p>EooCoo Ergonomic Mouse Pad with Wrist Support, Mousepad with Memory Foam Wrist Rest and Non-Slip Base for Computer, Cafe, Home & Office, 9.64 x 8.26 in Office Desk Accessories</p><p> -36% 0FF </p><p>$6.99</p><a href="https://www.amazon.com/dp/B085XRMSTT?tag=eloabder-20&linkCode=osi&th=1&psc=1">View Product</a></div>
<div class="product"><a href="https://www.amazon.com/dp/B0BRCJL4MM?tag=eloabder-20&linkCode=osi&th=1&psc=1"><img src="https://m.media-amazon.com/images/I/41sggzaNbPL._SL500_.jpg" alt="Product Image"></a><p>Led Desk Lamp for Office Home - Eye Caring Architect lamp with Clamp,Dual Screen Computer Monitor Gooseneck Smart Light: 24W 5 Color Flexible Adjustable Lighting Table Lamp for Study Drafting</p><p> -13% 0FF </p><p>$69.99</p><a href="https://www.amazon.com/dp/B0BRCJL4MM?tag=eloabder-20&linkCode=osi&th=1&psc=1">View Product</a></div><div class="product"><a href="https://www.amazon.com/dp/B0BNHNG5CY?tag=eloabder-20&linkCode=osi&th=1&psc=1"><img src="https://m.media-amazon.com/images/I/51ccmdZe2YL._SL500_.jpg" alt="Product Image"></a><p>Micomlan Led Desk Lamp with Clamp, Architect Desk Lamp for Home Office with Atmosphere Lighting, 24W Ultra Bright Auto Dimming Computer Light Stepless Dimming and Tempering LED Table Light</p><p> -27% 0FF </p><p>$49.99</p><a href="https://www.amazon.com/dp/B0BNHNG5CY?tag=eloabder-20&linkCode=osi&th=1&psc=1">View Product</a></div><div class="product"><a href="https://www.amazon.com/dp/B078W61H9P?tag=eloabder-20&linkCode=osi&th=1&psc=1"><img src="https://m.media-amazon.com/images/I/31aebwb3nqL._SL500_.jpg" alt="Product Image"></a><p>LEPOWER Metal Desk Lamp, Eye-Caring Table Lamp, Study Lamps with Flexible Goose Neck for Bedroom, Home Office (Matte Black)</p><p> -24% 0FF </p><p>$24.99</p><a href="https://www.amazon.com/dp/B078W61H9P?tag=eloabder-20&linkCode=osi&th=1&psc=1">View Product</a></div><div class="product"><a href="https://www.amazon.com/dp/B0D1DLY4H4?tag=eloabder-20&linkCode=osi&th=1&psc=1"><img src="https://m.media-amazon.com/images/I/41sKiuSIwRL._SL500_.jpg" alt="Product Image"></a><p>SKYLEO Led Desk Lamp - Desk Light for 31.5" Tall - 5 Color Modes X 11 Brightness Levels - Adjustable Swing Arm - Timmer & Memory Function - 12W Lamp for Desk - Black</p><p> -23% 0FF </p><p>$19.99</p><a href="https://www.amazon.com/dp/B0D1DLY4H4?tag=eloabder-20&linkCode=osi&th=1&psc=1">View Product</a></div><div class="product"><a href="https://www.amazon.com/dp/B0D2LGK82V?tag=eloabder-20&linkCode=osi&th=1&psc=1"><img src="https://m.media-amazon.com/images/I/41UpQ-qygDL._SL500_.jpg" alt="Product Image"></a><p>Addtam LED Desk Lamp, Power Strip with 3 Outlets 4 USB Charging Ports(2 USBC), 4 Modes 5 Level Brightness Touch Lamp, Small Desk Lamp for Home Office College Dorm Room Essentials</p><p> -23% 0FF </p><p>$16.99</p><a href="https://www.amazon.com/dp/B0D2LGK82V?tag=eloabder-20&linkCode=osi&th=1&psc=1">View Product</a></div><div class="product"><a href="https://www.amazon.com/dp/B08LMTQ7ZF?tag=eloabder-20&linkCode=osi&th=1&psc=1"><img src="https://m.media-amazon.com/images/I/21vKPX2KHML._SL500_.jpg" alt="Product Image"></a><p>Lepro LED Desk Lamp for Home Office, 9.5W 750LM Metal Touch Control Desk Light, 5 Color Modes 5 Brightness Level, Eye Caring Task Lamp For Reading, Sewing, Crafts, School Supplies, Puzzle Light, Black</p><p> -13% 0FF </p><p>$24.99</p><a href="https://www.amazon.com/dp/B08LMTQ7ZF?tag=eloabder-20&linkCode=osi&th=1&psc=1">View Product</a></div>
<div class="product"><a href="https://www.amazon.com/dp/B0D7BXNDP4?tag=eloabder-20&linkCode=osi&th=1&psc=1"><img src="https://m.media-amazon.com/images/I/41DuEunZ1+L._SL500_.jpg" alt="Product Image"></a><p>Monitor Fan with Clamp & Light Bar Desk Lamp with fan for Office mini Desk fan small quiet with lamp for PC Laptops Tablet for Home Office Portable Working Reading Stand Lamp</p><p> -5% 0FF </p><p>$15.19</p><a href="https://www.amazon.com/dp/B0D7BXNDP4?tag=eloabder-20&linkCode=osi&th=1&psc=1">View Product</a></div><div class="product"><a href="https://www.amazon.com/dp/B07K1D41DC?tag=eloabder-20&linkCode=osi&th=1&psc=1"><img src="https://m.media-amazon.com/images/I/310MAouNV-L._SL500_.jpg" alt="Product Image"></a><p>OttLite Cool Breeze LED Lamp with Bladeless Fan - 3 Speed Options & 5 Brightness Settings with Energy Efficient Natural Daylight LEDs - Desktop, Table or Nightstand Lamp for Studying or Reading</p><p> -14% 0FF </p><p>$89.98</p><a href="https://www.amazon.com/dp/B07K1D41DC?tag=eloabder-20&linkCode=osi&th=1&psc=1">View Product</a></div>
<div class="product"><a href="https://www.amazon.com/dp/B0CXSXL1F2?tag=eloabder-20&linkCode=osi&th=1&psc=1"><img src="https://m.media-amazon.com/images/I/41H6cndt7iL._SL500_.jpg" alt="Product Image"></a><p>9 Pack Lined Sticky Notes 4x6 in Post Sticky Notes with Lines, 9 Bright Colors Self Sticky Notes Pad Its, Large Ruled Sticky Note for Office, Home, 35 Sheets/Pad</p><p> -33% 0FF </p><p>$7.99</p><a href="https://www.amazon.com/dp/B0CXSXL1F2?tag=eloabder-20&linkCode=osi&th=1&psc=1">View Product</a></div><div class="product"><a href="https://www.amazon.com/dp/B019QROV9S?tag=eloabder-20&linkCode=osi&th=1&psc=1"><img src="https://m.media-amazon.com/images/I/51OsStyntzL._SL500_.jpg" alt="Product Image"></a><p>Sharpie Clear View Highlighter Sticks, Chisel Tip, Assorted Fluorescent, 8 Count - School, Home, and Office Use, Teacher Supplies</p><p> -23% 0FF </p><p>$13.86</p><a href="https://www.amazon.com/dp/B019QROV9S?tag=eloabder-20&linkCode=osi&th=1&psc=1">View Product</a></div>
<div class="product"><a href="https://www.amazon.com/dp/B082PN4X5J?tag=eloabder-20&linkCode=osi&th=1&psc=1"><img src="https://m.media-amazon.com/images/I/51o+eA8g6nL._SL500_.jpg" alt="Product Image"></a><p>Sharpie S-Gel Gel Pens, Black Barrel, Medium Point (0.7mm), Black Gel Ink Pens, 12 Count - Home, Office, School, Journaling, Writing, Note-Taking, Teacher Supplies</p><p> -14% 0FF </p><p>$11.97</p><a href="https://www.amazon.com/dp/B082PN4X5J?tag=eloabder-20&linkCode=osi&th=1&psc=1">View Product</a></div><div class="product"><a href="https://www.amazon.com/dp/B0C9W8DD9S?tag=eloabder-20&linkCode=osi&th=1&psc=1"><img src="https://m.media-amazon.com/images/I/41mdSvEwNZL._SL500_.jpg" alt="Product Image"></a><p>Ddaowanx Gel Pens, 6 Pcs 0.5mm Quick Dry Black Ink Pens Fine Point Smooth Writing Pens, Cute Office School Supplies Gifts for Women</p><p> -10% 0FF </p><p>$8.99</p><a href="https://www.amazon.com/dp/B0C9W8DD9S?tag=eloabder-20&linkCode=osi&th=1&psc=1">View Product</a></div><div class="product"><a href="https://www.amazon.com/dp/B019QBOG3U?tag=eloabder-20&linkCode=osi&th=1&psc=1"><img src="https://m.media-amazon.com/images/I/416PjSebDoL._SL500_.jpg" alt="Product Image"></a><p>Paper Mate Colorful Gel Pens - InkJoy Gel Pens Assorted Medium Point (0.7). Perfect for Vibrant Colored Writing and Sketching with Paper Mate InkJoy 14 Count</p><p> -18% 0FF </p><p>$10.31</p><a href="https://www.amazon.com/dp/B019QBOG3U?tag=eloabder-20&linkCode=osi&th=1&psc=1">View Product</a></div><div class="product"><a href="https://www.amazon.com/dp/B0C73JDN4S?tag=eloabder-20&linkCode=osi&th=1&psc=1"><img src="https://m.media-amazon.com/images/I/51DJUUxL7HL._SL500_.jpg" alt="Product Image"></a><p>Linbsunne Ballpoint Pens Black Medium Point 1mm Pen with Super Soft Grip Ball Point Pen for Men Women Retractable Pens (gold-12 pcs)</p><p> -10% 0FF </p><p>$8.99</p><a href="https://www.amazon.com/dp/B0C73JDN4S?tag=eloabder-20&linkCode=osi&th=1&psc=1">View Product</a></div><div class="product"><a href="https://www.amazon.com/dp/B001OTA66O?tag=eloabder-20&linkCode=osi&th=1&psc=1"><img src="https://m.media-amazon.com/images/I/41yS5tBZQLL._SL500_.jpg" alt="Product Image"></a><p>BIC Glide Black Retractable Ballpoint Pens, Medium Point (1.0mm), 4-Count Pack, Ultra Smooth Writing Black Pens</p><p> -40% 0FF </p><p>$2.99</p><a href="https://www.amazon.com/dp/B001OTA66O?tag=eloabder-20&linkCode=osi&th=1&psc=1">View Product</a></div>
<div class="product"><a href="https://www.amazon.com/dp/B002HVXXCW?tag=eloabder-20&linkCode=osi&th=1&psc=1"><img src="https://m.media-amazon.com/images/I/41JeEedXCeL._SL500_.jpg" alt="Product Image"></a><p>Ticonderoga Wood-Cased Pencils, Pre-Sharpened, 2 HB Soft, Yellow, 10 Count</p><p> -58% 0FF </p><p>$2.49</p><a href="https://www.amazon.com/dp/B002HVXXCW?tag=eloabder-20&linkCode=osi&th=1&psc=1">View Product</a></div><div class="product"><a href="https://www.amazon.com/dp/B077Q4B6YN?tag=eloabder-20&linkCode=osi&th=1&psc=1"><img src="https://m.media-amazon.com/images/I/4160YcHGDNL._SL500_.jpg" alt="Product Image"></a><p>Paper Mate 2017483 Mechanical Pencils for Handwriting, Triangular, 5/PK, AST</p><p> -45% 0FF </p><p>$3.47</p><a href="https://www.amazon.com/dp/B077Q4B6YN?tag=eloabder-20&linkCode=osi&th=1&psc=1">View Product</a></div>
<div class="product"><a href="https://www.amazon.com/dp/B0D7YTZNRF?tag=eloabder-20&linkCode=osi&th=1&psc=1"><img src="https://m.media-amazon.com/images/I/41hSbSlNAmL._SL500_.jpg" alt="Product Image"></a><p>YASNAY Alcohol Markers, 48 Colors Dual Tip Art Marker, Drawing Markers, Coloring Marker for Kids Sketching Adult Coloring</p><p> -27% 0FF </p><p>$10.99</p><a href="https://www.amazon.com/dp/B0D7YTZNRF?tag=eloabder-20&linkCode=osi&th=1&psc=1">View Product</a></div><div class="product"><a href="https://www.amazon.com/dp/B07CJ8QXF8?tag=eloabder-20&linkCode=osi&th=1&psc=1"><img src="https://m.media-amazon.com/images/I/51bChi4-H4L._SL500_.jpg" alt="Product Image"></a><p>Dual Markers Brush Pens, 36 Fine Point Art Marker, Double Tip Colored Pen for Adult Coloring Hand Lettering, School Classroom Art Suppliers</p><p> -20% 0FF </p><p>$7.98</p><a href="https://www.amazon.com/dp/B07CJ8QXF8?tag=eloabder-20&linkCode=osi&th=1&psc=1">View Product</a></div><div class="product"><a href="https://www.amazon.com/dp/B071CP6X88?tag=eloabder-20&linkCode=osi&th=1&psc=1"><img src="https://m.media-amazon.com/images/I/41sNeEYkTNL._SL500_.jpg" alt="Product Image"></a><p>Crayola Super Tips Marker Set for Kids (100ct), Broad Tip & Fine Point Washable Art Markers for Kids, Bulk School Supplies, Teacher Classroom Must Haves, Drawing Supplies</p><p> -19% 0FF </p><p>$16.29</p><a href="https://www.amazon.com/dp/B071CP6X88?tag=eloabder-20&linkCode=osi&th=1&psc=1">View Product</a></div><div class="product"><a href="https://www.amazon.com/dp/B08MBFPFCQ?tag=eloabder-20&linkCode=osi&th=1&psc=1"><img src="https://m.media-amazon.com/images/I/51DaGL7Z4oL._SL500_.jpg" alt="Product Image"></a><p>Sharpie Permanent Markers Variety Pack, Includes Chisel, Fine, and Ultra-Fine Tips, Marker Set, Writing, Coloring, Poster, Office, School Supplies, Black, 6 Count</p><p> -19% 0FF </p><p>$4.63 ($0.77 / Count)</p><a href="https://www.amazon.com/dp/B08MBFPFCQ?tag=eloabder-20&linkCode=osi&th=1&psc=1">View Product</a></div>
<div class="product"><a href="https://www.amazon.com/dp/B09Y2KJ2KX?tag=eloabder-20&linkCode=osi&th=1&psc=1"><img src="https://m.media-amazon.com/images/I/41EhQr7suML._SL500_.jpg" alt="Product Image"></a><p>Sharpie Pocket Highlighters, Mild Pastel Colors, Assorted, Chisel Tip, 12 Count - School, Home, and Office Use, Teacher Supplies</p><p> -22% 0FF </p><p>$7.76 ($0.65 / Count)</p><a href="https://www.amazon.com/dp/B09Y2KJ2KX?tag=eloabder-20&linkCode=osi&th=1&psc=1">View Product</a></div><div class="product"><a href="https://www.amazon.com/dp/B08698MJWT?tag=eloabder-20&linkCode=osi&th=1&psc=1"><img src="https://m.media-amazon.com/images/I/512N7aYt5oL._SL500_.jpg" alt="Product Image"></a><p>Sharpie S-Note Creative Markers, Pastel Highlighters, Art Marker Set, Assorted Colors, Chisel Tip, 24 Count - School, Home, and Office Use, Teacher Supplies</p><p> -60% 0FF </p><p>$8.83</p><a href="https://www.amazon.com/dp/B08698MJWT?tag=eloabder-20&linkCode=osi&th=1&psc=1">View Product</a></div>
<div class="product"><a href="https://www.amazon.com/dp/B097DPQPYN?tag=eloabder-20&linkCode=osi&th=1&psc=1"><img src="https://m.media-amazon.com/images/I/51nFyQPtfkL._SL500_.jpg" alt="Product Image"></a><p>Sonuimy Pencil Sharpeners, 4 Pcs Pencil Sharpeners Manual,Dual Holes Compact Colored Handheld Pencil Sharpener for Kids with Lid Adults Students School Class Home Office (Covered)</p><p> -13% 0FF </p><p>$4.49</p><a href="https://www.amazon.com/dp/B097DPQPYN?tag=eloabder-20&linkCode=osi&th=1&psc=1">View Product</a></div><div class="product"><a href="https://www.amazon.com/dp/B000MFN1G8?tag=eloabder-20&linkCode=osi&th=1&psc=1"><img src="https://m.media-amazon.com/images/I/41JPflroUEL._SL500_.jpg" alt="Product Image"></a><p>Compact Desktop Electric Pencil Sharpener, Black, Sold as 1 Each</p><p> -21% 0FF </p><p>$15.89</p><a href="https://www.amazon.com/dp/B000MFN1G8?tag=eloabder-20&linkCode=osi&th=1&psc=1">View Product</a></div><div class="product"><a href="https://www.amazon.com/dp/B00125KXGI?tag=eloabder-20&linkCode=osi&th=1&psc=1"><img src="https://m.media-amazon.com/images/I/51avY0bZv6L._SL500_.jpg" alt="Product Image"></a><p>Bostitch Office Personal Electric Pencil Sharpener, Powerful Stall-Free Motor, High Capacity Shavings Tray, Blue</p><p> -13% 0FF </p><p>$17.48</p><a href="https://www.amazon.com/dp/B00125KXGI?tag=eloabder-20&linkCode=osi&th=1&psc=1">View Product</a></div><div class="product"><a href="https://www.amazon.com/dp/B078DZY9Z5?tag=eloabder-20&linkCode=osi&th=1&psc=1"><img src="https://m.media-amazon.com/images/I/41KbUFGrXfL._SL500_.jpg" alt="Product Image"></a><p>JARLINK Electric Pencil Sharpener, Heavy-Duty Helical Blade to Fast Sharpen, Auto Stop for No.2/Colored Pencils(6-8mm), AC Adapter/Battery Operated in School Classroom/Office/Home (Black)</p><p> -21% 0FF </p><p>$16.98</p><a href="https://www.amazon.com/dp/B078DZY9Z5?tag=eloabder-20&linkCode=osi&th=1&psc=1">View Product</a></div><div class="product"><a href="https://www.amazon.com/dp/B08DLXH86D?tag=eloabder-20&linkCode=osi&th=1&psc=1"><img src="https://m.media-amazon.com/images/I/41UghsnBycL._SL500_.jpg" alt="Product Image"></a><p>Aogwat Pencil Sharpener Electric Pencil Sharpener for Kids, Blade to Fast Sharpen, Suitable for No.2/School/Classroom/Office/Home (Black)</p><p> -23% 0FF </p><p>$9.99</p><a href="https://www.amazon.com/dp/B08DLXH86D?tag=eloabder-20&linkCode=osi&th=1&psc=1">View Product</a></div><div class="product"><a href="https://www.amazon.com/dp/B000GP0VIU?tag=eloabder-20&linkCode=osi&th=1&psc=1"><img src="https://m.media-amazon.com/images/I/318OKKSwzbL._SL500_.jpg" alt="Product Image"></a><p>Bostitch Office Wall Mount Manual Pencil Sharpener, Tip Saver, 8 Hole Dial, 6X Longer Cutter Life, Vertical or Horizontal Mounting Black (MPS1-BLK)</p><p> -9% 0FF </p><p>$13.18</p><a href="https://www.amazon.com/dp/B000GP0VIU?tag=eloabder-20&linkCode=osi&th=1&psc=1">View Product</a></div>
<div class="product"><a href="https://www.amazon.com/dp/B00094H4LU?tag=eloabder-20&linkCode=osi&th=1&psc=1"><img src="https://m.media-amazon.com/images/I/41f-fbZYU1L._SL500_.jpg" alt="Product Image"></a><p>Paper Mate Erasers | Pink Pearl Large Erasers 12 Count</p><p> -55% 0FF </p><p>$6.03</p><a href="https://www.amazon.com/dp/B00094H4LU?tag=eloabder-20&linkCode=osi&th=1&psc=1">View Product</a></div><div class="product"><a href="https://www.amazon.com/dp/B07DPVVMWB?tag=eloabder-20&linkCode=osi&th=1&psc=1"><img src="https://m.media-amazon.com/images/I/51wLlsENgiL._SL500_.jpg" alt="Product Image"></a><p>Mr. Pen Erasers for Pencils, 120 Pack, Pencil Top Erasers, Eraser Caps, Cap Tops, Topper Erasers. Ereaser</p><p> -24% 0FF </p><p>$5.95</p><a href="https://www.amazon.com/dp/B07DPVVMWB?tag=eloabder-20&linkCode=osi&th=1&psc=1">View Product</a></div><div class="product"><a href="https://www.amazon.com/dp/B07144DC8V?tag=eloabder-20&linkCode=osi&th=1&psc=1"><img src="https://m.media-amazon.com/images/I/51Ed1+HW9cL._SL500_.jpg" alt="Product Image"></a><p>Pentel Hi-Polymer Block Eraser, White, 10/Box (ZEH10PC10)</p><p> -44% 0FF </p><p>$9.99</p><a href="https://www.amazon.com/dp/B07144DC8V?tag=eloabder-20&linkCode=osi&th=1&psc=1">View Product</a></div><div class="product"><a href="https://www.amazon.com/dp/B0047CT6SE?tag=eloabder-20&linkCode=osi&th=1&psc=1"><img src="https://m.media-amazon.com/images/I/41bhWXKeeiL._SL500_.jpg" alt="Product Image"></a><p>Pentel Clic Retractable Eraser with Grip, 3 Pack</p><p> -29% 0FF </p><p>$4.77</p><a href="https://www.amazon.com/dp/B0047CT6SE?tag=eloabder-20&linkCode=osi&th=1&psc=1">View Product</a></div>
<div class="product"><a href="https://www.amazon.com/dp/B09S9X3HV7?tag=eloabder-20&linkCode=osi&th=1&psc=1"><img src="https://m.media-amazon.com/images/I/51GgMyfl5VL._SL500_.jpg" alt="Product Image"></a><p>Color Transparent Ruler Plastic Rulers - Ruler 12 inch, Kids Ruler for School, Ruler with Centimeters, Millimeter and Inches, Assorted Colors, Clear Rulers, 7 Pack School Rulers</p><p> -16% 0FF </p><p>$5.99</p><a href="https://www.amazon.com/dp/B09S9X3HV7?tag=eloabder-20&linkCode=osi&th=1&psc=1">View Product</a></div><div class="product"><a href="https://www.amazon.com/dp/B06XK9VQM4?tag=eloabder-20&linkCode=osi&th=1&psc=1"><img src="https://m.media-amazon.com/images/I/51Glln3n-nL._SL500_.jpg" alt="Product Image"></a><p>Outus 12 Pack Wood Ruler Bulk for Students Wooden School Rulers Gifts Office Classroom Measuring, 2 Scale, 12 Inch and 30 cm</p><p> -6% 0FF </p><p>$7.99</p><a href="https://www.amazon.com/dp/B06XK9VQM4?tag=eloabder-20&linkCode=osi&th=1&psc=1">View Product</a></div><div class="product"><a href="https://www.amazon.com/dp/B0B5MLTG7J?tag=eloabder-20&linkCode=osi&th=1&psc=1"><img src="https://m.media-amazon.com/images/I/51z9LUxLKmL._SL500_.jpg" alt="Product Image"></a><p>DAGONGREN 30 Pack Clear Plastic Rulers 12 Inch,Transparent Assorted Color Metric Bulk Rulers with Inches and Centimeters,Kids Ruler for School,Home,Office</p><p> -9% 0FF </p><p>$9.99</p><a href="https://www.amazon.com/dp/B0B5MLTG7J?tag=eloabder-20&linkCode=osi&th=1&psc=1">View Product</a></div><div class="product"><a href="https://www.amazon.com/dp/B096MPPF53?tag=eloabder-20&linkCode=osi&th=1&psc=1"><img src="https://m.media-amazon.com/images/I/51qUpElDRcS._SL500_.jpg" alt="Product Image"></a><p>Tenare 1 Set Plastic Clear Math Set Includes Protractor Triangle Rulers 12 Inch 6 Inch Straight Geometry Math Transparent Ruler Measuring Tool for School Office Home Supplies(Clear)</p><p> -25% 0FF </p><p>$5.98</p><a href="https://www.amazon.com/dp/B096MPPF53?tag=eloabder-20&linkCode=osi&th=1&psc=1">View Product</a></div>
<div class="product"><a href="https://www.amazon.com/dp/B07YDDX4JL?tag=eloabder-20&linkCode=osi&th=1&psc=1"><img src="https://m.media-amazon.com/images/I/41oBPZwCRLL._SL500_.jpg" alt="Product Image"></a><p>3-Pack 8" Heavy Duty Scissors with Ultra Sharp Blades and Comfort Grip Handles - For Office, Home, School, Sewing, and Crafts</p><p> -15% 0FF </p><p>$8.49 ($2.83 / Count)</p><a href="https://www.amazon.com/dp/B07YDDX4JL?tag=eloabder-20&linkCode=osi&th=1&psc=1">View Product</a></div><div class="product"><a href="https://www.amazon.com/dp/B01BRGU8R0?tag=eloabder-20&linkCode=osi&th=1&psc=1"><img src="https://m.media-amazon.com/images/I/41ANVra+eNL._SL500_.jpg" alt="Product Image"></a><p>Amazon Basics Stainless Steel Scissors for Office, Crafts, Multipurpose, Sharp, Comfort Grip, PVD Coated, 3 Pack, Multicolor</p><p> -45% 0FF </p><p>$7.55</p><a href="https://www.amazon.com/dp/B01BRGU8R0?tag=eloabder-20&linkCode=osi&th=1&psc=1">View Product</a></div><div class="product"><a href="https://www.amazon.com/dp/B000P0LNRE?tag=eloabder-20&linkCode=osi&th=1&psc=1"><img src="https://m.media-amazon.com/images/I/41fWgMTO0JL._SL500_.jpg" alt="Product Image"></a><p>Westcott 8-Inch Titanium-Bonded Scissors with Adjustable Glide Feature for Office and Home - Gray/Yellow, 2-Pack</p><p> -33% 0FF </p><p>$9.97</p><a href="https://www.amazon.com/dp/B000P0LNRE?tag=eloabder-20&linkCode=osi&th=1&psc=1">View Product</a></div>
<div class="product"><a href="https://www.amazon.com/dp/B074ZRZ4CZ?tag=eloabder-20&linkCode=osi&th=1&psc=1"><img src="https://m.media-amazon.com/images/I/41bu+HKxC2L._SL500_.jpg" alt="Product Image"></a><p>Swingline Commercial Stapler, 20 Sheet Capacity, Jam Free, Metal, 2 Pack, Black (44401AZ)</p><p> -5% 0FF </p><p>$18.98</p><a href="https://www.amazon.com/dp/B074ZRZ4CZ?tag=eloabder-20&linkCode=osi&th=1&psc=1">View Product</a></div><div class="product"><a href="https://www.amazon.com/dp/B001PME62K?tag=eloabder-20&linkCode=osi&th=1&psc=1"><img src="https://m.media-amazon.com/images/I/41gbaJu-3iL._SL500_.jpg" alt="Product Image"></a><p>Swingline Stapler, 40 Sheet Capacity, Optima 40, Jam Free, Reduced Effort, Soft Grip, Metal, Orange and Gray (87845)</p><p> -14% 0FF </p><p>$24.19</p><a href="https://www.amazon.com/dp/B001PME62K?tag=eloabder-20&linkCode=osi&th=1&psc=1">View Product</a></div><div class="product"><a href="https://www.amazon.com/dp/B0D2JBKYM1?tag=eloabder-20&linkCode=osi&th=1&psc=1"><img src="https://m.media-amazon.com/images/I/41zFTU9QpfL._SL500_.jpg" alt="Product Image"></a><p>Bostitch Office Stapler, No-Jam Premium for Desktop, Includes 1,250 Staples, Full-Strip, 25 Sheet Capacity, Black</p><p> -26% 0FF </p><p>$6.99</p><a href="https://www.amazon.com/dp/B0D2JBKYM1?tag=eloabder-20&linkCode=osi&th=1&psc=1">View Product</a></div><div class="product"><a href="https://www.amazon.com/dp/B0CC5GJKM1?tag=eloabder-20&linkCode=osi&th=1&psc=1"><img src="https://m.media-amazon.com/images/I/41JDDoSZQiL._SL500_.jpg" alt="Product Image"></a><p>Metal Stapler Heavy Duty 50 Sheet Capacity with 1750 Staples and Staple Remover, Full Strip Staplers for Desk, No Jam, Non-Slip for Office & Classroom, Black</p><p> -33% 0FF </p><p>$13.29</p><a href="https://www.amazon.com/dp/B0CC5GJKM1?tag=eloabder-20&linkCode=osi&th=1&psc=1">View Product</a></div><div class="product"><a href="https://www.amazon.com/dp/B0006HUQZ6?tag=eloabder-20&linkCode=osi&th=1&psc=1"><img src="https://m.media-amazon.com/images/I/31e-T-f1TGL._SL500_.jpg" alt="Product Image"></a><p>Swingline Stapler, 30 Sheet Capacity, 747 Business Stapler, Jam Free, Metal, Rio Red (74736)</p><p> -23% 0FF </p><p>$15.30</p><a href="https://www.amazon.com/dp/B0006HUQZ6?tag=eloabder-20&linkCode=osi&th=1&psc=1">View Product</a></div>
<div class="product"><a href="https://www.amazon.com/dp/B00J8PJJF0?tag=eloabder-20&linkCode=osi&th=1&psc=1"><img src="https://m.media-amazon.com/images/I/418dc+5ZGkL._SL500_.jpg" alt="Product Image"></a><p>Bostitch Office Premium Standard Staples, 1/4" Full Strip, Box of 5,000 Staples</p><p> -27% 0FF </p><p>$4.39</p><a href="https://www.amazon.com/dp/B00J8PJJF0?tag=eloabder-20&linkCode=osi&th=1&psc=1">View Product</a></div><div class="product"><a href="https://www.amazon.com/dp/B079VYR12V?tag=eloabder-20&linkCode=osi&th=1&psc=1"><img src="https://m.media-amazon.com/images/I/51xAt88vqrL._SL500_.jpg" alt="Product Image"></a><p>Officemate Standard Staples, 10 Boxes General Purpose Staple (91950)</p><p> -10% 0FF </p><p>$14.37</p><a href="https://www.amazon.com/dp/B079VYR12V?tag=eloabder-20&linkCode=osi&th=1&psc=1">View Product</a></div><div class="product"><a href="https://www.amazon.com/dp/B00006IFMQ?tag=eloabder-20&linkCode=osi&th=1&psc=1"><img src="https://m.media-amazon.com/images/I/51UsWZuFq8L._SL500_.jpg" alt="Product Image"></a><p>Bostitch Office B8 PowerCrown 0.25 Inch Staples, Pack of 5,000 Staples (STCRP21151/4), Silver</p><p> -30% 0FF </p><p>$2.33</p><a href="https://www.amazon.com/dp/B00006IFMQ?tag=eloabder-20&linkCode=osi&th=1&psc=1">View Product</a></div>
<div class="product"><a href="https://www.amazon.com/dp/B000J07BRQ?tag=eloabder-20&linkCode=osi&th=1&psc=1"><img src="https://m.media-amazon.com/images/I/51QpJKjajbL._SL500_.jpg" alt="Product Image"></a><p>Scotch Heavy Duty Shipping Packing Tape, Clear, Packing Tape for Moving Boxes and Packaging Supplies, 1.88 in. x 22.2 yd., 6 Roll Dispensers, Moving Supplies</p><p> -35% 0FF </p><p>$12.99</p><a href="https://www.amazon.com/dp/B000J07BRQ?tag=eloabder-20&linkCode=osi&th=1&psc=1">View Product</a></div><div class="product"><a href="https://www.amazon.com/dp/B0000DH8HQ?tag=eloabder-20&linkCode=osi&th=1&psc=1"><img src="https://m.media-amazon.com/images/I/414lAY+087L._SL500_.jpg" alt="Product Image"></a><p>Scotch Magic Tape, Invisible Transparent Tape, 6 Tape Rolls with Dispensers, 3/4 in x 650 in</p><p> -23% 0FF </p><p>$12.34</p><a href="https://www.amazon.com/dp/B0000DH8HQ?tag=eloabder-20&linkCode=osi&th=1&psc=1">View Product</a></div><div class="product"><a href="https://www.amazon.com/dp/B0DQHV6X92?tag=eloabder-20&linkCode=osi&th=1&psc=1"><img src="https://m.media-amazon.com/images/I/51ViCFlgldL._SL500_.jpg" alt="Product Image"></a><p>BeataTap Tape, Invisible Tape, 6 Rolls + 6 Refillable Dispensers, Matte Finish, Writable, 3/4″ x 650″, Transparent Tape, Clear Tape for Gift Wrapping Paper, School Supplies</p><p> -15% 0FF </p><p>$5.94 ($0.99 / Count)</p><a href="https://www.amazon.com/dp/B0DQHV6X92?tag=eloabder-20&linkCode=osi&th=1&psc=1">View Product</a></div><div class="product"><a href="https://www.amazon.com/dp/B07CB6LN5S?tag=eloabder-20&linkCode=osi&th=1&psc=1"><img src="https://m.media-amazon.com/images/I/41NNyeISnjL._SL500_.jpg" alt="Product Image"></a><p>Scotch Super-Hold Tape, 2 Rolls, Transparent Finish, 50% More Adhesive, Trusted Favorite, 3/4 x 600 Inches, Dispensered (198DM-2)</p><p> -30% 0FF </p><p>$5.97</p><a href="https://www.amazon.com/dp/B07CB6LN5S?tag=eloabder-20&linkCode=osi&th=1&psc=1">View Product</a></div><div class="product"><a href="https://www.amazon.com/dp/B00464740A?tag=eloabder-20&linkCode=osi&th=1&psc=1"><img src="https://m.media-amazon.com/images/I/51ZPFoiGfuL._SL500_.jpg" alt="Product Image"></a><p>Scotch Sure Start Shipping Packaging Tape, 1.88" x 22.2 yd, Designed for Packing, Shipping and Mailing, Quiet Unwind, No Splitting or Tearing, 1.5" Core, Clear, 6 Dispensered Rolls (145-6)</p><p> -28% 0FF </p><p>$13.48</p><a href="https://www.amazon.com/dp/B00464740A?tag=eloabder-20&linkCode=osi&th=1&psc=1">View Product</a></div><div class="product"><a href="https://www.amazon.com/dp/B09C6LLG9P?tag=eloabder-20&linkCode=osi&th=1&psc=1"><img src="https://m.media-amazon.com/images/I/41rbv66ZNBL._SL500_.jpg" alt="Product Image"></a><p>Scotch Box Lock Packaging Tape, 1 Roll with Dispenser, 1.88 in x 1000 in, Extreme Grip, Sticks Instantly to Any Box (195L)</p><p> -31% 0FF </p><p>$4.12</p><a href="https://www.amazon.com/dp/B09C6LLG9P?tag=eloabder-20&linkCode=osi&th=1&psc=1">View Product</a></div>
<div class="product"><a href="https://www.amazon.com/dp/B08QQZ71CV?tag=eloabder-20&linkCode=osi&th=1&psc=1"><img src="https://m.media-amazon.com/images/I/51Foz0aGYoS._SL500_.jpg" alt="Product Image"></a><p>Gorilla Super Glue, Clear Glue, Four 3 Gram Tubes (Pack of 1) - All Purpose and Fast Setting for Projects and Repairs</p><p> -25% 0FF </p><p>$9.49 ($22.60 / Ounce)</p><a href="https://www.amazon.com/dp/B08QQZ71CV?tag=eloabder-20&linkCode=osi&th=1&psc=1">View Product</a></div><div class="product"><a href="https://www.amazon.com/dp/B07J6R3GK7?tag=eloabder-20&linkCode=osi&th=1&psc=1"><img src="https://m.media-amazon.com/images/I/31kdOjGBkpL._SL500_.jpg" alt="Product Image"></a><p>Amazon Basics All Purpose Washable School Clear Liquid Glue - Great for Making Slime, 128 fl oz</p><p> -6% 0FF </p><p>$16.13</p><a href="https://www.amazon.com/dp/B07J6R3GK7?tag=eloabder-20&linkCode=osi&th=1&psc=1">View Product</a></div><div class="product"><a href="https://www.amazon.com/dp/B00178QQJ8?tag=eloabder-20&linkCode=osi&th=1&psc=1"><img src="https://m.media-amazon.com/images/I/41zs6k410RL._SL500_.jpg" alt="Product Image"></a><p>Mod Podge Gloss Sealer, Glue & Finish: All-in-One Craft Solution- Quick Dry, Easy Clean, for Wood, Paper, Fabric & More. Non-Toxic - Craft with Confidence, Made in USA, 16 oz., Pack of 1</p><p> -36% 0FF </p><p>$7.99 ($0.50 / Fl Oz)</p><a href="https://www.amazon.com/dp/B00178QQJ8?tag=eloabder-20&linkCode=osi&th=1&psc=1">View Product</a></div><div class="product"><a href="https://www.amazon.com/dp/B073V14DZJ?tag=eloabder-20&linkCode=osi&th=1&psc=1"><img src="https://m.media-amazon.com/images/I/31Iyy5+vk6L._SL500_.jpg" alt="Product Image"></a><p>Amazon Basics All Purpose Washable School Craft Liquid Glue for Making Slime, White, Single Pack, 1 Gallon</p><p> -7% 0FF </p><p>$15.54</p><a href="https://www.amazon.com/dp/B073V14DZJ?tag=eloabder-20&linkCode=osi&th=1&psc=1">View Product</a></div><div class="product"><a href="https://www.amazon.com/dp/B0006HUJCQ?tag=eloabder-20&linkCode=osi&th=1&psc=1"><img src="https://m.media-amazon.com/images/I/511pTqChTCL._SL500_.jpg" alt="Product Image"></a><p>Loctite Super Glue Gel Control, Clear, 0.14 fl oz Bottle, 1 Pack - Superglue for Plastic, Wood, Metal, Crafts & Repair, Cyanoacrylate Adhesive Instant Glue, Quick Dry</p><p> -13% 0FF </p><p>$3.64 ($26.00 / Fl Oz)</p><a href="https://www.amazon.com/dp/B0006HUJCQ?tag=eloabder-20&linkCode=osi&th=1&psc=1">View Product</a></div>
<div class="product"><a href="https://www.amazon.com/dp/B074XTRX7K?tag=eloabder-20&linkCode=osi&th=1&psc=1"><img src="https://m.media-amazon.com/images/I/31rOPIrMfDL._SL500_.jpg" alt="Product Image"></a><p>Amazon Basics Sturdy Binder Clips for Office Use, 96 Count (8 Pack of 12), Medium, 1.25 in, Black</p><p> -26% 0FF </p><p>$7.48</p><a href="https://www.amazon.com/dp/B074XTRX7K?tag=eloabder-20&linkCode=osi&th=1&psc=1">View Product</a></div><div class="product"><a href="https://www.amazon.com/dp/B00TQ8FDB8?tag=eloabder-20&linkCode=osi&th=1&psc=1"><img src="https://m.media-amazon.com/images/I/51y7lUrMLnL._SL500_.jpg" alt="Product Image"></a><p>ACCO Binder Clips, Medium, Black, 12 per Box, 2 Boxes (72062)</p><p> -25% 0FF </p><p>$5.96</p><a href="https://www.amazon.com/dp/B00TQ8FDB8?tag=eloabder-20&linkCode=osi&th=1&psc=1">View Product</a></div><div class="product"><a href="https://www.amazon.com/dp/B08KWCDP3C?tag=eloabder-20&linkCode=osi&th=1&psc=1"><img src="https://m.media-amazon.com/images/I/41qucDz6HuL._SL500_.jpg" alt="Product Image"></a><p>Ufmarine Medium Binder Clips 1.25 inch Length, (40 Pcs) Colorful Paper Clips Medium for Office</p><p> -12% 0FF </p><p>$5.99</p><a href="https://www.amazon.com/dp/B08KWCDP3C?tag=eloabder-20&linkCode=osi&th=1&psc=1">View Product</a></div>
<div class="product"><a href="https://www.amazon.com/dp/B09XQLJFDD?tag=eloabder-20&linkCode=osi&th=1&psc=1"><img src="https://m.media-amazon.com/images/I/41iiSFMy4uL._SL500_.jpg" alt="Product Image"></a><p>PAPERPAL Paperclips for Office School & Personal Use, #1 Nonskid Paper Clip (1-2/7"), 600 Medium Paper Clips (6 Boxes of 100 Each), Silver</p><p> -20% 0FF </p><p>$7.99</p><a href="https://www.amazon.com/dp/B09XQLJFDD?tag=eloabder-20&linkCode=osi&th=1&psc=1">View Product</a></div>

<div class="product"><a href="https://www.amazon.com/dp/B004I2G8NO?tag=eloabder-20&linkCode=osi&th=1&psc=1"><img src="https://m.media-amazon.com/images/I/51WEsLRINGL._SL500_.jpg" alt="Product Image"></a><p>Business Source Rubber Band, Natural (1914LB)</p><p> -26% 0FF </p><p>$4.00</p><a href="https://www.amazon.com/dp/B004I2G8NO?tag=eloabder-20&linkCode=osi&th=1&psc=1">View Product</a></div><div class="product"><a href="https://www.amazon.com/dp/B077GDY1LP?tag=eloabder-20&linkCode=osi&th=1&psc=1"><img src="https://m.media-amazon.com/images/I/41nn0nmNTiL._SL500_.jpg" alt="Product Image"></a><p>ANNIE 1000 RUBBER BANDS 1/2" #BLACK</p><p> -7% 0FF </p><p>$4.90 ($1.22 / Count)</p><a href="https://www.amazon.com/dp/B077GDY1LP?tag=eloabder-20&linkCode=osi&th=1&psc=1">View Product</a></div><div class="product"><a href="https://www.amazon.com/dp/B000783OPI?tag=eloabder-20&linkCode=osi&th=1&psc=1"><img src="https://m.media-amazon.com/images/I/510okXKzMqL._SL500_.jpg" alt="Product Image"></a><p>Universal 00419 19-Size Rubber Bands (335 Per Pack), Beige</p><p> -29% 0FF </p><p>$3.44</p><a href="https://www.amazon.com/dp/B000783OPI?tag=eloabder-20&linkCode=osi&th=1&psc=1">View Product</a></div><div class="product"><a href="https://www.amazon.com/dp/B00006IBRU?tag=eloabder-20&linkCode=osi&th=1&psc=1"><img src="https://m.media-amazon.com/images/I/51pU5khkX8L._SL500_.jpg" alt="Product Image"></a><p>ALL26335 - Alliance Rubber 26335 Advantage Rubber Bands - Size #33, Natural, 1 Pound 3 x 1/8 inches</p><p> -62% 0FF </p><p>$3.29</p><a href="https://www.amazon.com/dp/B00006IBRU?tag=eloabder-20&linkCode=osi&th=1&psc=1">View Product</a></div>
<div class="product"><a href="https://www.amazon.com/dp/B0DSKTZBB6?tag=eloabder-20&linkCode=osi&th=1&psc=1"><img src="https://m.media-amazon.com/images/I/415YD3kNFlL._SL500_.jpg" alt="Product Image"></a><p>300 Count Colored Index Cards 3 x 5 Inch Ruled Index Cards, Flash Cards College Ruled for School, College, Office and Home Organization, Durable Study To Do List Note Cards with Ruled Lines</p><p> -10% 0FF </p><p>$6.29</p><a href="https://www.amazon.com/dp/B0DSKTZBB6?tag=eloabder-20&linkCode=osi&th=1&psc=1">View Product</a></div><div class="product"><a href="https://www.amazon.com/dp/B09JYQZQ3V?tag=eloabder-20&linkCode=osi&th=1&psc=1"><img src="https://m.media-amazon.com/images/I/41y5vfnutuL._SL500_.jpg" alt="Product Image"></a><p>Oxford Index Cards, 3 x 5 Inches, White, Lined on Front, Blank on Back, Flashcards for School and Studying, Recipe Note Cards, 500 Count (5 Packs of 100) (40176)</p><p> -22% 0FF </p><p>$7.01</p><a href="https://www.amazon.com/dp/B09JYQZQ3V?tag=eloabder-20&linkCode=osi&th=1&psc=1">View Product</a></div>
<div class="product"><a href="https://www.amazon.com/dp/B00P9U2EM8?tag=eloabder-20&linkCode=osi&th=1&psc=1"><img src="https://m.media-amazon.com/images/I/41Op5kyIukL._SL500_.jpg" alt="Product Image"></a><p>Mead Spiral Notebook, 6 Pack, 1 Subject, College Ruled Paper, 7-1/2" x 10-1/2", 70 Sheets per Notebook, Colors Will Vary (830062-ECM25)</p><p> -46% 0FF </p><p>$6.71</p><a href="https://www.amazon.com/dp/B00P9U2EM8?tag=eloabder-20&linkCode=osi&th=1&psc=1">View Product</a></div><div class="product"><a href="https://www.amazon.com/dp/B0CQN8FVJX?tag=eloabder-20&linkCode=osi&th=1&psc=1"><img src="https://m.media-amazon.com/images/I/414WVVoGFPL._SL500_.jpg" alt="Product Image"></a><p>SUNEE Spiral Notebooks, 1-Subject, 5 Pack, College Ruled Paper, 8" x 10-1/2", 70 Sheets per Notebook,3-Hole Punched Paper, Pink,Purple, Blue, Green, Yellow Spiral Lined Notebooks for School,Work</p><p> -29% 0FF </p><p>$9.99</p><a href="https://www.amazon.com/dp/B0CQN8FVJX?tag=eloabder-20&linkCode=osi&th=1&psc=1">View Product</a></div><div class="product"><a href="https://www.amazon.com/dp/B08NYRMWZ8?tag=eloabder-20&linkCode=osi&th=1&psc=1"><img src="https://m.media-amazon.com/images/I/41y1cnNXtOL._SL500_.jpg" alt="Product Image"></a><p>Yansanido Spiral Notebook, 4 Pcs 8.3 Inch x 5.9 Inch A5 Thick Plastic Hardcover 8mm Ruled 4 Color 80 Sheets -160 Pages Journals for Study and Notes (style 10-Wine Red,Brown,Green,ivory, A5)</p><p> -23% 0FF </p><p>$9.99</p><a href="https://www.amazon.com/dp/B08NYRMWZ8?tag=eloabder-20&linkCode=osi&th=1&psc=1">View Product</a></div><div class="product"><a href="https://www.amazon.com/dp/B08VF9VYLZ?tag=eloabder-20&linkCode=osi&th=1&psc=1"><img src="https://m.media-amazon.com/images/I/41ktUSmtHAL._SL500_.jpg" alt="Product Image"></a><p>Oxford Spiral Notebooks, 6 Pack, 1 Subject, Wide Ruled Notebooks for School, 8 x 10.5 Inches, 70 Sheets, Assorted Pastel Colors, Back to School Supplies (63757)</p><p> -6% 0FF </p><p>$8.99</p><a href="https://www.amazon.com/dp/B08VF9VYLZ?tag=eloabder-20&linkCode=osi&th=1&psc=1">View Product</a></div>
<div class="product"><a href="https://www.amazon.com/dp/B0FDRCSXZH?tag=eloabder-20&linkCode=osi&th=1&psc=1"><img src="https://m.media-amazon.com/images/I/41rYztS-0zL._SL500_.jpg" alt="Product Image"></a><p>5pcs Small Note Pads, Color Notepads 5x8 College Ruled Notebook, Writing Pads 5 x 8, Legal Pads, Memo Pad Paper Perforate Narrow Ruled Notebooks for Work, School, Office Supplies,30 Sheets/Pack</p><p> -14% 0FF </p><p>$5.99</p><a href="https://www.amazon.com/dp/B0FDRCSXZH?tag=eloabder-20&linkCode=osi&th=1&psc=1">View Product</a></div><div class="product"><a href="https://www.amazon.com/dp/B0BZQNCV62?tag=eloabder-20&linkCode=osi&th=1&psc=1"><img src="https://m.media-amazon.com/images/I/41yNqvqCwoL._SL500_.jpg" alt="Product Image"></a><p>Alitte Legal Notepads 8.5 x 11, Pack of 12 - Perforated Wide Ruled Writing Pad - Premium Thick Paper, No Ink Bleeding - Blank Legal Pads For Home, Office, School, Business - 50 Sheets Per Notebook</p><p> -17% 0FF </p><p>$24.99</p><a href="https://www.amazon.com/dp/B0BZQNCV62?tag=eloabder-20&linkCode=osi&th=1&psc=1">View Product</a></div>
<div class="product"><a href="https://www.amazon.com/dp/B0C7S1PCX4?tag=eloabder-20&linkCode=osi&th=1&psc=1"><img src="https://m.media-amazon.com/images/I/41nVRBg2klL._SL500_.jpg" alt="Product Image"></a><p>Oxford 8.5 x 11 Legal Pads, 12 Pack, Wide Ruled, Yellow Paper, 50 Sheets Per Writing Pad, Made in the USA (74020)</p><p> -30% 0FF </p><p>$12.60</p><a href="https://www.amazon.com/dp/B0C7S1PCX4?tag=eloabder-20&linkCode=osi&th=1&psc=1">View Product</a></div><div class="product"><a href="https://www.amazon.com/dp/B0CGF22134?tag=eloabder-20&linkCode=osi&th=1&psc=1"><img src="https://m.media-amazon.com/images/I/41FzLgeXAyL._SL500_.jpg" alt="Product Image"></a><p>MSKKSM Legal Pads 8.5 x 11, 3 Pack Yellow Note Pads 8.5 x 11 Writing Pads, Wide Ruled Legal Notepads, Lined Pads of Paper Yellow Paper Pads, 30 Sheets Per Notepad for School, Home, Office, Business</p><p> -17% 0FF </p><p>$9.99</p><a href="https://www.amazon.com/dp/B0CGF22134?tag=eloabder-20&linkCode=osi&th=1&psc=1">View Product</a></div><div class="product"><a href="https://www.amazon.com/dp/B0FCMWHFC2?tag=eloabder-20&linkCode=osi&th=1&psc=1"><img src="https://m.media-amazon.com/images/I/41MMVFB-S4L._SL500_.jpg" alt="Product Image"></a><p>5pcs Legal Pads 8.5 x 11, Notepads 8.5 x 11 Inch, Color Note Pads Clear Print Writing Pads of Paper, Memo Pads , Perforate Legal Notepads Paper , Wide Ruled Lined with Sturdy Back,30 Sheets/Pack</p><p> -8% 0FF </p><p>$11.99</p><a href="https://www.amazon.com/dp/B0FCMWHFC2?tag=eloabder-20&linkCode=osi&th=1&psc=1">View Product</a></div>
<div class="product"><a href="https://www.amazon.com/dp/B08H593JZG?tag=eloabder-20&linkCode=osi&th=1&psc=1"><img src="https://m.media-amazon.com/images/I/415Ykzo-lyL._SL500_.jpg" alt="Product Image"></a><p>Eastern Wolf 8 Pads Sticky Notes 3x3 Self-Stick Notes 8 Bright Multi Colors Purple Sticky Notes, 85 Sheet/Pad</p><p> -20% 0FF </p><p>$5.59</p><a href="https://www.amazon.com/dp/B08H593JZG?tag=eloabder-20&linkCode=osi&th=1&psc=1">View Product</a></div><div class="product"><a href="https://www.amazon.com/dp/B0BPJW13CM?tag=eloabder-20&linkCode=osi&th=1&psc=1"><img src="https://m.media-amazon.com/images/I/41uKwTyz1rL._SL500_.jpg" alt="Product Image"></a><p>Post-it 100% Recycled Paper Super Sticky Notes, 2X The Sticking Power, 3x3 in, 5 Pads, 70 Sheets/Pad, Wanderlust Pastels Collection (654R-5SSNRP)</p><p> -33% 0FF </p><p>$5.98</p><a href="https://www.amazon.com/dp/B0BPJW13CM?tag=eloabder-20&linkCode=osi&th=1&psc=1">View Product</a></div><div class="product"><a href="https://www.amazon.com/dp/B0D6RPPK9H?tag=eloabder-20&linkCode=osi&th=1&psc=1"><img src="https://m.media-amazon.com/images/I/41O8zZ-RN4L._SL500_.jpg" alt="Product Image"></a><p>(18 Pads) Sticky Notes 3x3 inch, Self-Stick Pads Bright Colors Sticky Note, Recyclable, Easy to Post for Home, Office, Notebook</p><p> -40% 0FF </p><p>$8.39</p><a href="https://www.amazon.com/dp/B0D6RPPK9H?tag=eloabder-20&linkCode=osi&th=1&psc=1">View Product</a></div><div class="product"><a href="https://www.amazon.com/dp/B0CMGJ6FRB?tag=eloabder-20&linkCode=osi&th=1&psc=1"><img src="https://m.media-amazon.com/images/I/41xF9DqIGZL._SL500_.jpg" alt="Product Image"></a><p>Sticky Notes, 12 Pads, 3x3 inches, Soft Pastel Self-Stick Note Pads, Perfect for Office, Study, and Daily Life Organization - Soft Pastel</p><p> -16% 0FF </p><p>$5.06</p><a href="https://www.amazon.com/dp/B0CMGJ6FRB?tag=eloabder-20&linkCode=osi&th=1&psc=1">View Product</a></div>
<div class="product"><a href="https://www.amazon.com/dp/B07VRYX57R?tag=eloabder-20&linkCode=osi&th=1&psc=1"><img src="https://m.media-amazon.com/images/I/410XbLRqukL._SL500_.jpg" alt="Product Image"></a><p>(24 Pack) Sticky Notes 3x3 in Post Bright Stickies Colorful Super Sticking Power Memo Pads, Strong Adhesive, 74 Sheets/pad</p><p> -35% 0FF </p><p>$16.99</p><a href="https://www.amazon.com/dp/B07VRYX57R?tag=eloabder-20&linkCode=osi&th=1&psc=1">View Product</a></div><div class="product"><a href="https://www.amazon.com/dp/B00QSR9PRI?tag=eloabder-20&linkCode=osi&th=1&psc=1"><img src="https://m.media-amazon.com/images/I/31n-YNlgraL._SL500_.jpg" alt="Product Image"></a><p>Amazon Basics Narrow Ruled Lined Writing Note Pad, 5 inch x 8 inch, White, 12 Count (12 Pack of 50 pages)</p><p> -6% 0FF </p><p>$8.78</p><a href="https://www.amazon.com/dp/B00QSR9PRI?tag=eloabder-20&linkCode=osi&th=1&psc=1">View Product</a></div><div class="product"><a href="https://www.amazon.com/dp/B0D5M4D3NN?tag=eloabder-20&linkCode=osi&th=1&psc=1"><img src="https://m.media-amazon.com/images/I/41uzPvHBCDL._SL500_.jpg" alt="Product Image"></a><p>(12 Pack) Lined Sticky Notes 4x6 in Ruled Stickies Super Sticking Power Memo Pads Bright Colors</p><p> -40% 0FF </p><p>$8.98</p><a href="https://www.amazon.com/dp/B0D5M4D3NN?tag=eloabder-20&linkCode=osi&th=1&psc=1">View Product</a></div><div class="product"><a href="https://www.amazon.com/dp/B0CQK3M5VK?tag=eloabder-20&linkCode=osi&th=1&psc=1"><img src="https://m.media-amazon.com/images/I/31jKEzc1qFL._SL500_.jpg" alt="Product Image"></a><p>Note Pads 4x6 Inch, 6 Pack Blank Scratch Pads, 50 Sheets Per Memo Pad for Writing, White Pad of Paper Suit for Home, Office and School, Tear off Notepad, Small Server Notebook</p><p> -10% 0FF </p><p>$6.29</p><a href="https://www.amazon.com/dp/B0CQK3M5VK?tag=eloabder-20&linkCode=osi&th=1&psc=1">View Product</a></div>
<div class="product"><a href="https://www.amazon.com/dp/B0F5D4VNBX?tag=eloabder-20&linkCode=osi&th=1&psc=1"><img src="https://m.media-amazon.com/images/I/41SnXbixNcL._SL500_.jpg" alt="Product Image"></a><p>Blue Sky 2026 Weekly and Monthly Planner Calendar, Includes January 2026 - December 2026, 5" x 8", Flexible Cover, Wirebound, Laminated Tabs, Enterprise</p><p> -10% 0FF </p><p>$8.99</p><a href="https://www.amazon.com/dp/B0F5D4VNBX?tag=eloabder-20&linkCode=osi&th=1&psc=1">View Product</a></div><div class="product"><a href="https://www.amazon.com/dp/B0FRNQDRCR?tag=eloabder-20&linkCode=osi&th=1&psc=1"><img src="https://m.media-amazon.com/images/I/51rBf1oJchL._SL500_.jpg" alt="Product Image"></a><p>Essential PRO 2026 Daily, Weekly & Monthly Planner, 7"x9": 14 Months (Nov 2025 - Dec 2026) Monthly Tabs,Daily Tracking,Notes Pages,Storage Pocket,Bookmark w Sticky Notes (Tree Seasons)</p><p> -14% 0FF </p><p>$29.95</p><a href="https://www.amazon.com/dp/B0FRNQDRCR?tag=eloabder-20&linkCode=osi&th=1&psc=1">View Product</a></div><div class="product"><a href="https://www.amazon.com/dp/B0DYBQWJ5S?tag=eloabder-20&linkCode=osi&th=1&psc=1"><img src="https://m.media-amazon.com/images/I/41UP6Ui7BjL._SL500_.jpg" alt="Product Image"></a><p>AT-A-GLANCE 2026 Appointment Book Planner, Weekly, 8" x 11", Large, Quarter-Hourly, DayMinder, Black (G5200026)</p><p> -45% 0FF </p><p>$15.87</p><a href="https://www.amazon.com/dp/B0DYBQWJ5S?tag=eloabder-20&linkCode=osi&th=1&psc=1">View Product</a></div><div class="product"><a href="https://www.amazon.com/dp/B0DJ8SXCR4?tag=eloabder-20&linkCode=osi&th=1&psc=1"><img src="https://m.media-amazon.com/images/I/41sRmmLvCsL._SL500_.jpg" alt="Product Image"></a><p>Planner 2025-2026, Weekly and Monthly Calendar Academic Planner (July 2025 - June 2026), Hardcover Teacher School Student Agenda with Tabs, Ideal for School Office Supplies, A5 (6.3" x 8.5") - Green</p><p> -25% 0FF </p><p>$8.99</p><a href="https://www.amazon.com/dp/B0DJ8SXCR4?tag=eloabder-20&linkCode=osi&th=1&psc=1">View Product</a></div><div class="product"><a href="https://www.amazon.com/dp/B0D2VW43KP?tag=eloabder-20&linkCode=osi&th=1&psc=1"><img src="https://m.media-amazon.com/images/I/41eyA1Q1U4L._SL500_.jpg" alt="Product Image"></a><p>Forvencer 2026 Planner, Hardcover Calendar Planner Weekly and Monthly, January 2026 - December 2026, 8.5" x 11", Spiral Agenda Book with Tabs, Exquisite Daily Journal with Inner Pocket, Organizer Notebook for Office Home School, A4 Size, Green</p><p> -41% 0FF </p><p>$9.99</p><a href="https://www.amazon.com/dp/B0D2VW43KP?tag=eloabder-20&linkCode=osi&th=1&psc=1">View Product</a></div>
<div class="product"><a href="https://www.amazon.com/dp/B0DYBYRY3R?tag=eloabder-20&linkCode=osi&th=1&psc=1"><img src="https://m.media-amazon.com/images/I/41oxPcKnCuL._SL500_.jpg" alt="Product Image"></a><p>AT-A-GLANCE 2026 Desk Calendar, Monthly, Desk Pad, 21-3/4" x 17", Large, Ruled Blocks (SK240026)</p><p> -19% 0FF </p><p>$11.89</p><a href="https://www.amazon.com/dp/B0DYBYRY3R?tag=eloabder-20&linkCode=osi&th=1&psc=1">View Product</a></div><div class="product"><a href="https://www.amazon.com/dp/B0DXQ416QR?tag=eloabder-20&linkCode=osi&th=1&psc=1"><img src="https://m.media-amazon.com/images/I/41o3YUjfIVL._SL500_.jpg" alt="Product Image"></a><p>Aesthetic 2025-2026 Wall Calendar - Runs from May 2025 Until December 2026 - The Perfect Modern Calendar Planner for Easy Organizing</p><p> -43% 0FF </p><p>$3.99</p><a href="https://www.amazon.com/dp/B0DXQ416QR?tag=eloabder-20&linkCode=osi&th=1&psc=1">View Product</a></div><div class="product"><a href="https://www.amazon.com/dp/B0CCRXKSK8?tag=eloabder-20&linkCode=osi&th=1&psc=1"><img src="https://m.media-amazon.com/images/I/51eOdkimr+L._SL500_.jpg" alt="Product Image"></a><p>SUNEE Wall Calendar 2025-2026 Large 22.75"x15.5", 21 Month Calendar from October 2025 to June 2027, Vertical Extra Large Monthly Calendar 2026 for Wall, Seasons Color</p><p> -24% 0FF </p><p>$15.19</p><a href="https://www.amazon.com/dp/B0CCRXKSK8?tag=eloabder-20&linkCode=osi&th=1&psc=1">View Product</a></div><div class="product"><a href="https://www.amazon.com/dp/B0F7HZ7C9G?tag=eloabder-20&linkCode=osi&th=1&psc=1"><img src="https://m.media-amazon.com/images/I/41rkKO18HGL._SL500_.jpg" alt="Product Image"></a><p>Beautiful 2025-2026 Wall Calendar - Runs from July 2025 until December 2026 – Large 14.5" x 11.5" Office Wall Calendar for Easy Organizing</p><p> -10% 0FF </p><p>$8.99</p><a href="https://www.amazon.com/dp/B0F7HZ7C9G?tag=eloabder-20&linkCode=osi&th=1&psc=1">View Product</a></div><div class="product"><a href="https://www.amazon.com/dp/B0DYDC7ZLV?tag=eloabder-20&linkCode=osi&th=1&psc=1"><img src="https://m.media-amazon.com/images/I/51MOLWJ45HL._SL500_.jpg" alt="Product Image"></a><p>XISIDO 2025-2026 Wall Calendar, Calendar 2025-2026, 18 Month Calendar July 2025 - December 2026, 14.8" X 11.5", Calendar with Twin-Wire Binding, Hanging Hook and Julian Dates (Seasonal Designs)</p><p> -20% 0FF </p><p>$7.99</p><a href="https://www.amazon.com/dp/B0DYDC7ZLV?tag=eloabder-20&linkCode=osi&th=1&psc=1">View Product</a></div><div class="product"><a href="https://www.amazon.com/dp/B0D2KCVBBD?tag=eloabder-20&linkCode=osi&th=1&psc=1"><img src="https://m.media-amazon.com/images/I/51Eg-3ZKZxL._SL500_.jpg" alt="Product Image"></a><p>XISIDO Calendar 2025-2026, 18 Months Wall Calendar July 2025 to Dec 2026 Calendar with Julian Dates, 11" X 8.5" (Colorful)</p><p> -33% 0FF </p><p>$3.99</p><a href="https://www.amazon.com/dp/B0D2KCVBBD?tag=eloabder-20&linkCode=osi&th=1&psc=1">View Product</a></div><div class="product"><a href="https://www.amazon.com/dp/B0DY7R9226?tag=eloabder-20&linkCode=osi&th=1&psc=1"><img src="https://m.media-amazon.com/images/I/41eTUjCfzFL._SL500_.jpg" alt="Product Image"></a><p>Lbylyhxc Wall Calendar 2025-2026 - Runs from July 2025 to December 2026-18 Monthly Calendar 2026. Thick Paper includes major holidays and dedicated space for notes and important dates (Colorful Calendar 2025-2026)</p><p> -50% 0FF </p><p>$2.49</p><a href="https://www.amazon.com/dp/B0DY7R9226?tag=eloabder-20&linkCode=osi&th=1&psc=1">View Product</a></div>

<div class="product"><a href="https://www.amazon.com/dp/B0033J6V3A?tag=eloabder-20&linkCode=osi&th=1&psc=1"><img src="https://m.media-amazon.com/images/I/21o5ASbichL._SL500_.jpg" alt="Product Image"></a><p>NuSparc 2 Drawer Locking Filing Cabinet | Pre-Assembled Steel Construction | Space-Saving Design is Perfect for Home and Small Office | Letter-Size | Assembled in North America</p><p> -14% 0FF </p><p>$76.99</p><a href="https://www.amazon.com/dp/B0033J6V3A?tag=eloabder-20&linkCode=osi&th=1&psc=1">View Product</a></div><div class="product"><a href="https://www.amazon.com/dp/B0D9XYD75W?tag=eloabder-20&linkCode=osi&th=1&psc=1"><img src="https://m.media-amazon.com/images/I/31VM3xK++PL._SL500_.jpg" alt="Product Image"></a><p>BYNSOE 2 Drawer File Cabinet with Lock Vertical Filing Storage Cabinet Office Home Steel Vertical File Cabinets for Letter Size File Cabinet Locked,Assembly Required</p><p> -8% 0FF </p><p>$54.99</p><a href="https://www.amazon.com/dp/B0D9XYD75W?tag=eloabder-20&linkCode=osi&th=1&psc=1">View Product</a></div><div class="product"><a href="https://www.amazon.com/dp/B0989HLF81?tag=eloabder-20&linkCode=osi&th=1&psc=1"><img src="https://m.media-amazon.com/images/I/51vzgnkbcjL._SL500_.jpg" alt="Product Image"></a><p>DEVAISE 3 Drawer Mobile File Cabinet, Wood Lateral Filing Cabinet, Printer Stand with Open Shelves for Home Office, Rustic Brown</p><p> -21% 0FF </p><p>$74.99</p><a href="https://www.amazon.com/dp/B0989HLF81?tag=eloabder-20&linkCode=osi&th=1&psc=1">View Product</a></div>
<div class="product"><a href="https://www.amazon.com/dp/B00006RSQD?tag=eloabder-20&linkCode=osi&th=1&psc=1"><img src="https://m.media-amazon.com/images/I/315rez3KpeL._SL500_.jpg" alt="Product Image"></a><p>Bush Business Furniture Series C 36W Tall 5 Shelf Bookcase in Hansen Cherry, Large Storage and Display Bookshelf for Home or Professional Office</p><p> -8% 0FF </p><p>$239.49</p><a href="https://www.amazon.com/dp/B00006RSQD?tag=eloabder-20&linkCode=osi&th=1&psc=1">View Product</a></div>
<div class="product"><a href="https://www.amazon.com/dp/B09F6JPYSY?tag=eloabder-20&linkCode=osi&th=1&psc=1"><img src="https://m.media-amazon.com/images/I/51fGLH7lhHL._SL500_.jpg" alt="Product Image"></a><p>SPACELEAD Slim Storage Cart 3 Tier,Bathroom Organizer Rolling Utility,Mobile Shelving Unit Slide Out for Office, Kitchen, Laundry Room & Narrow Places,Black</p><p> -30% 0FF </p><p>$20.99</p><a href="https://www.amazon.com/dp/B09F6JPYSY?tag=eloabder-20&linkCode=osi&th=1&psc=1">View Product</a></div><div class="product"><a href="https://www.amazon.com/dp/B08KFTVGQY?tag=eloabder-20&linkCode=osi&th=1&psc=1"><img src="https://m.media-amazon.com/images/I/51BjUEmGaiL._SL500_.jpg" alt="Product Image"></a><p>SONGMICS Cube Storage Organizer, Set of 16 Plastic Cubes, Closet Organizers and Storage, Room Organization, Bedroom Living Room, 12.2 x 48.4 x 48.4 Inches, Rustic Brown ULPC442A01</p><p> -15% 0FF </p><p>$46.99</p><a href="https://www.amazon.com/dp/B08KFTVGQY?tag=eloabder-20&linkCode=osi&th=1&psc=1">View Product</a></div><div class="product"><a href="https://www.amazon.com/dp/B0DG359YX5?tag=eloabder-20&linkCode=osi&th=1&psc=1"><img src="https://m.media-amazon.com/images/I/41OBXL4HJdL._SL500_.jpg" alt="Product Image"></a><p>VIVO Clamp-on 13 inch Above or Below Desk 2-Tier Shelving Unit for Table Accessories, Gaming Devices, and More, Storage Tray, Desktop Organizer, Rustic Vintage Brown, STAND-SHELF2C-N</p><p> -20% 0FF </p><p>$39.99</p><a href="https://www.amazon.com/dp/B0DG359YX5?tag=eloabder-20&linkCode=osi&th=1&psc=1">View Product</a></div><div class="product"><a href="https://www.amazon.com/dp/B0D7S5GGP6?tag=eloabder-20&linkCode=osi&th=1&psc=1"><img src="https://m.media-amazon.com/images/I/51EriWG2BLL._SL500_.jpg" alt="Product Image"></a><p>C&AHOME Wire Cube Storage, 9 - Cube Organizer Metal C Grids, Modular Shelves Units, Closet Organizer, Ideal for Home, Office, Living Room, 36.6”L x 12.4”W x 48.4”H, Silver Gray UWCS3009G</p><p> -33% 0FF </p><p>$28.87</p><a href="https://www.amazon.com/dp/B0D7S5GGP6?tag=eloabder-20&linkCode=osi&th=1&psc=1">View Product</a></div>
<div class="product"><a href="https://www.amazon.com/dp/B0B1M6ML2J?tag=eloabder-20&linkCode=osi&th=1&psc=1"><img src="https://m.media-amazon.com/images/I/51pX2Qo38JL._SL500_.jpg" alt="Product Image"></a><p>WOWBOX 25 PCS Clear Plastic Drawer Organizer Set, 4 Sizes Desk Drawer Divider Organizers and Storage Bins for Makeup, Jewelry, Gadgets for Kitchen, Bedroom, Bathroom, Office</p><p> -35% 0FF </p><p>$16.13 ($0.65 / Count)</p><a href="https://www.amazon.com/dp/B0B1M6ML2J?tag=eloabder-20&linkCode=osi&th=1&psc=1">View Product</a></div><div class="product"><a href="https://www.amazon.com/dp/B0DB8F7GDN?tag=eloabder-20&linkCode=osi&th=1&psc=1"><img src="https://m.media-amazon.com/images/I/51iOtKHzvCL._SL500_.jpg" alt="Product Image"></a><p>OPNICE Desk Organizer and Accessories, 2-Tier Computer Monitor Stand Riser with Drawer and 2 Pen Holders, Laptop Stand, Office Desk Accessories for Office Supplies, Black</p><p> -27% 0FF </p><p>$21.99</p><a href="https://www.amazon.com/dp/B0DB8F7GDN?tag=eloabder-20&linkCode=osi&th=1&psc=1">View Product</a></div><div class="product"><a href="https://www.amazon.com/dp/B0FQ86P4M3?tag=eloabder-20&linkCode=osi&th=1&psc=1"><img src="https://m.media-amazon.com/images/I/41ZDdyGnPxL._SL500_.jpg" alt="Product Image"></a><p>Mind Reader 2-Tier Desk Organizer with Clamp, Accessory Shelf for Office or Gaming, Office, Metal, White</p><p> -5% 0FF </p><p>$37.99</p><a href="https://www.amazon.com/dp/B0FQ86P4M3?tag=eloabder-20&linkCode=osi&th=1&psc=1">View Product</a></div><div class="product"><a href="https://www.amazon.com/dp/B0BYDGF8DT?tag=eloabder-20&linkCode=osi&th=1&psc=1"><img src="https://m.media-amazon.com/images/I/51sE2GzgVNL._SL500_.jpg" alt="Product Image"></a><p>OPNICE Desk Organizer and Accessories, 4-Tier Desktop File Organizer with Drawer and 2 Pen Holders, Office Desk Accessories, Workspace Organizers for Office Supplies(Black)</p><p> -33% 0FF </p><p>$19.99</p><a href="https://www.amazon.com/dp/B0BYDGF8DT?tag=eloabder-20&linkCode=osi&th=1&psc=1">View Product</a></div><div class="product"><a href="https://www.amazon.com/dp/B0DJKSMV2T?tag=eloabder-20&linkCode=osi&th=1&psc=1"><img src="https://m.media-amazon.com/images/I/41gO3CCIg1L._SL500_.jpg" alt="Product Image"></a><p>gianotter Dual Monitor Stand Riser, Desk Organizer With Drawer and 2 Pen Holders, Computer Monitor Stand, Shelf for Top of Desk, Black</p><p> -28% 0FF </p><p>$25.99</p><a href="https://www.amazon.com/dp/B0DJKSMV2T?tag=eloabder-20&linkCode=osi&th=1&psc=1">View Product</a></div><div class="product"><a href="https://www.amazon.com/dp/B0BWTT3WK1?tag=eloabder-20&linkCode=osi&th=1&psc=1"><img src="https://m.media-amazon.com/images/I/51JTe2SjicL._SL500_.jpg" alt="Product Image"></a><p>gianotter Desk Organizers and Accessories with File Holder, 4-Tier Desk Accessories & Workspace Organizers with Drawer and 2 Pen Holder, Paper Organizer for Office Supplies (Rose Gold)</p><p> -27% 0FF </p><p>$23.99</p><a href="https://www.amazon.com/dp/B0BWTT3WK1?tag=eloabder-20&linkCode=osi&th=1&psc=1">View Product</a></div><div class="product"><a href="https://www.amazon.com/dp/B09QKDY1YY?tag=eloabder-20&linkCode=osi&th=1&psc=1"><img src="https://m.media-amazon.com/images/I/519UVM73B6L._SL500_.jpg" alt="Product Image"></a><p>Supeasy 5 Trays Paper Organizer Letter Tray with Handle-Mesh Desk File Organizer, Paper Sorter Desk Organizer for Office, Home or School</p><p> -17% 0FF </p><p>$19.99</p><a href="https://www.amazon.com/dp/B09QKDY1YY?tag=eloabder-20&linkCode=osi&th=1&psc=1">View Product</a></div><div class="product"><a href="https://www.amazon.com/dp/B08PBFKGJG?tag=eloabder-20&linkCode=osi&th=1&psc=1"><img src="https://m.media-amazon.com/images/I/61WfW0WLsqL._SL500_.jpg" alt="Product Image"></a><p>Marbrasse 6 Tier Paper Organizer Letter Tray - Mesh Desk File Organizer with Handle, Paper Sorter Organizer for Letter/A4 Office File Folder Holder - Black</p><p> -23% 0FF </p><p>$19.98</p><a href="https://www.amazon.com/dp/B08PBFKGJG?tag=eloabder-20&linkCode=osi&th=1&psc=1">View Product</a></div><div class="product"><a href="https://www.amazon.com/dp/B09K5927B5?tag=eloabder-20&linkCode=osi&th=1&psc=1"><img src="https://m.media-amazon.com/images/I/51u5tZ4jR6L._SL500_.jpg" alt="Product Image"></a><p>Marbrasse Desk Organizer with File Holder, 5-Tier Paper Letter Tray Organizer with Drawer and 2 Pen Holder, Mesh Desktop Organizer and Storage with Magazine Holder for Office Supplies(Black)</p><p> -24% 0FF </p><p>$33.99</p><a href="https://www.amazon.com/dp/B09K5927B5?tag=eloabder-20&linkCode=osi&th=1&psc=1">View Product</a></div>
<div class="product"><a href="https://www.amazon.com/dp/B0CNXF7SVS?tag=eloabder-20&linkCode=osi&th=1&psc=1"><img src="https://m.media-amazon.com/images/I/51a6EswyTZL._SL500_.jpg" alt="Product Image"></a><p>Manalete Drawer Organizers Set of 15, 4 Sizes Clear Plastic Drawer Organizers and Storage Bins for Kitchen, Bathroom, Office, Dresser Desk Drawer Organizer Tray for Jewelry, Makeup, Junk, Gadgets</p><p> -29% 0FF </p><p>$9.99</p><a href="https://www.amazon.com/dp/B0CNXF7SVS?tag=eloabder-20&linkCode=osi&th=1&psc=1">View Product</a></div><div class="product"><a href="https://www.amazon.com/dp/B0CCY5X6SS?tag=eloabder-20&linkCode=osi&th=1&psc=1"><img src="https://m.media-amazon.com/images/I/41Iye-vPXJL._SL500_.jpg" alt="Product Image"></a><p>Bamboo Drawer Organizer Set, 5 PCS Multi-Use Individual Wood Storage Organizers, Junk Drawer Divider and Storage Trays Containers for Kitchen, Bathroom, Office Desk, Makeup, Jewelry, Utensils</p><p> -20% 0FF </p><p>$19.99 ($4.00 / Count)</p><a href="https://www.amazon.com/dp/B0CCY5X6SS?tag=eloabder-20&linkCode=osi&th=1&psc=1">View Product</a></div><div class="product"><a href="https://www.amazon.com/dp/B0CCDJQ7MM?tag=eloabder-20&linkCode=osi&th=1&psc=1"><img src="https://m.media-amazon.com/images/I/51kU0WJxdsL._SL500_.jpg" alt="Product Image"></a><p>Marbrasse Expandable Desk Drawer Organizer, Mesh Drawer Organizer Tray with 10 Adjustable Compartments, Desk Organizers and Accessories, 5 Dividers Drawer for Office Supplies, Makeup & Vanity (Black)</p><p> -15% 0FF </p><p>$17.84</p><a href="https://www.amazon.com/dp/B0CCDJQ7MM?tag=eloabder-20&linkCode=osi&th=1&psc=1">View Product</a></div><div class="product"><a href="https://www.amazon.com/dp/B0DM27MBZN?tag=eloabder-20&linkCode=osi&th=1&psc=1"><img src="https://m.media-amazon.com/images/I/41hAfSMnrZL._SL500_.jpg" alt="Product Image"></a><p>ElegantArray 12 PCS Drawer Organizer Set, 4 Sizes Storage Drawer Units, Clear Plastic Makeup Vanity Organizer and Storage Bins for Makeup, Stationeries, Multiple Gadgets for Bathroom, Office, Bedroom</p><p> -31% 0FF </p><p>$8.99</p><a href="https://www.amazon.com/dp/B0DM27MBZN?tag=eloabder-20&linkCode=osi&th=1&psc=1">View Product</a></div>
<div class="product"><a href="https://www.amazon.com/dp/B0C4T42TPC?tag=eloabder-20&linkCode=osi&th=1&psc=1"><img src="https://m.media-amazon.com/images/I/318IsyAsPXL._SL500_.jpg" alt="Product Image"></a><p>Adjustable Mobile CPU Stand, Ventilated Computer Tower Stand with 4 Caster Wheels Fits Most PC Tower, Under Desk CPU Holder PC Floor Cart Computer Riser for Gamers and Students (Black)</p><p> -21% 0FF </p><p>$14.21</p><a href="https://www.amazon.com/dp/B0C4T42TPC?tag=eloabder-20&linkCode=osi&th=1&psc=1">View Product</a></div><div class="product"><a href="https://www.amazon.com/dp/B094QTGHNZ?tag=eloabder-20&linkCode=osi&th=1&psc=1"><img src="https://m.media-amazon.com/images/I/31VzBQ+jwWL._SL500_.jpg" alt="Product Image"></a><p>WALI Computer Monitor Stand for Desk, Adjustable Laptop Riser, Desk Monitor Stand Underneath Storage for Office, Home, School Supplies (STT003), 1 Pack, Black</p><p> -32% 0FF </p><p>$16.99</p><a href="https://www.amazon.com/dp/B094QTGHNZ?tag=eloabder-20&linkCode=osi&th=1&psc=1">View Product</a></div><div class="product"><a href="https://www.amazon.com/dp/B07H4DMLVH?tag=eloabder-20&linkCode=osi&th=1&psc=1"><img src="https://m.media-amazon.com/images/I/31eTfKhpSWL._SL500_.jpg" alt="Product Image"></a><p>HUANUO Monitor Stand, Monitor Stand Riser 3 Height Adjustable, Monitor Riser with Airflow Vents, Laptop Stand for Desk, Laptop Riser, Desk Organizer for Monitor, 15.6" Laptop, PC, Printer</p><p> -11% 0FF </p><p>$15.19</p><a href="https://www.amazon.com/dp/B07H4DMLVH?tag=eloabder-20&linkCode=osi&th=1&psc=1">View Product</a></div><div class="product"><a href="https://www.amazon.com/dp/B0D69W6H91?tag=eloabder-20&linkCode=osi&th=1&psc=1"><img src="https://m.media-amazon.com/images/I/51rQI+gi3lL._SL500_.jpg" alt="Product Image"></a><p>JANE EYRE Computer Tower Stand - Adjustable PC Tower Stand CPU Holder Cart with Charging Station for Office Home Classroom,23.03"-28.3" H, black</p><p> -10% 0FF </p><p>$53.99</p><a href="https://www.amazon.com/dp/B0D69W6H91?tag=eloabder-20&linkCode=osi&th=1&psc=1">View Product</a></div><div class="product"><a href="https://www.amazon.com/dp/B0C4T34L9Y?tag=eloabder-20&linkCode=osi&th=1&psc=1"><img src="https://m.media-amazon.com/images/I/51BNMGXNOEL._SL500_.jpg" alt="Product Image"></a><p>BONTEC Wooden Monitor Stand Riser, 2-Tier Desk Shelf with Storage Organizer, Ergonomic Computer Stand with Cable Management, Cellphone Holder, White, 16.5 Inch</p><p> -33% 0FF </p><p>$18.04</p><a href="https://www.amazon.com/dp/B0C4T34L9Y?tag=eloabder-20&linkCode=osi&th=1&psc=1">View Product</a></div><div class="product"><a href="https://www.amazon.com/dp/B08BRCT4JH?tag=eloabder-20&linkCode=osi&th=1&psc=1"><img src="https://m.media-amazon.com/images/I/41Ga6A+cXbL._SL500_.jpg" alt="Product Image"></a><p>BESIGN LS03 Aluminum Laptop Stand, Ergonomic Detachable Computer Stand, Notebook Riser Compatible with Air, Pro, Dell, HP, Lenovo More 10-15.6" Laptops, Silver</p><p> -25% 0FF </p><p>$14.98</p><a href="https://www.amazon.com/dp/B08BRCT4JH?tag=eloabder-20&linkCode=osi&th=1&psc=1">View Product</a></div>
<div class="product"><a href="https://www.amazon.com/dp/B07Q79ZZJ6?tag=eloabder-20&linkCode=osi&th=1&psc=1"><img src="https://m.media-amazon.com/images/I/31-LBzENQIL._SL500_.jpg" alt="Product Image"></a><p>Single LCD Computer Monitor Free-Standing Desk Stand Mount Riser for 13 inch to 32 inch screen with Swivel, Height Adjustable, Rotation, Vesa Base Stand Holds One (1) Screen up to 77Lbs(HT05B-001))</p><p> -34% 0FF </p><p>$21.99</p><a href="https://www.amazon.com/dp/B07Q79ZZJ6?tag=eloabder-20&linkCode=osi&th=1&psc=1">View Product</a></div><div class="product"><a href="https://www.amazon.com/dp/B082845XM8?tag=eloabder-20&linkCode=osi&th=1&psc=1"><img src="https://m.media-amazon.com/images/I/41uRH1B7HgL._SL500_.jpg" alt="Product Image"></a><p>Dual Monitor Stand - Vertical Stack Screen Free-Standing Monitor Riser Fits Two 13 to 34 Inch Screen with Swivel, Tilt, Height Adjustable, Holds One (1) Screen Up to 44Lbs</p><p> -5% 0FF </p><p>$31.56</p><a href="https://www.amazon.com/dp/B082845XM8?tag=eloabder-20&linkCode=osi&th=1&psc=1">View Product</a></div><div class="product"><a href="https://www.amazon.com/dp/B00X4SCCFG?tag=eloabder-20&linkCode=osi&th=1&psc=1"><img src="https://m.media-amazon.com/images/I/21X2klzUZGL._SL500_.jpg" alt="Product Image"></a><p>Amazon Basics Height Adjustable Rectangular Computer Monitor Riser Desk Stand with Storage for Reduced Neck Strain - Fits Monitors, Laptops Up to 22lbs, Black</p><p> -35% 0FF </p><p>$14.06</p><a href="https://www.amazon.com/dp/B00X4SCCFG?tag=eloabder-20&linkCode=osi&th=1&psc=1">View Product</a></div>
<div class="product"><a href="https://www.amazon.com/dp/B07HFDJCSL?tag=eloabder-20&linkCode=osi&th=1&psc=1"><img src="https://m.media-amazon.com/images/I/41DR7qY1naL._SL500_.jpg" alt="Product Image"></a><p>VIVO Large Keyboard Tray Under Desk Pull Out with Extra Sturdy C Clamp Mount System, 27 (33 Including Clamps) x 11 Inch Slide-Out Platform Computer Drawer for Typing, Black, MOUNT-KB05E</p><p> -17% 0FF </p><p>$49.99</p><a href="https://www.amazon.com/dp/B07HFDJCSL?tag=eloabder-20&linkCode=osi&th=1&psc=1">View Product</a></div><div class="product"><a href="https://www.amazon.com/dp/B082NKBM62?tag=eloabder-20&linkCode=osi&th=1&psc=1"><img src="https://m.media-amazon.com/images/I/41qQ3p9-mrL._SL500_.jpg" alt="Product Image"></a><p>HUANUO Keyboard Tray Under Desk, 360 Adjustable Ergonomic Sliding Keyboard & Mouse Tray, Under Desk Keyboard Tray Slide Out, Keyboard Holder Under Desk for Typing in Home, Office Work, 25"W x 9.84"D</p><p> -33% 0FF </p><p>$59.98</p><a href="https://www.amazon.com/dp/B082NKBM62?tag=eloabder-20&linkCode=osi&th=1&psc=1">View Product</a></div><div class="product"><a href="https://www.amazon.com/dp/B0F23GTKHL?tag=eloabder-20&linkCode=osi&th=1&psc=1"><img src="https://m.media-amazon.com/images/I/41dmHoeznDL._SL500_.jpg" alt="Product Image"></a><p>Zontera Ergonomic Mouse & Keyboard Tray Under Desk, Pull Out with Adjustable C-clamp, 20 (25.9 Including Clamps) x 11.8 Inch Slide Out Computer Keyboard Drawer Mouse Tray for Typing, Black</p><p> -7% 0FF </p><p>$25.99</p><a href="https://www.amazon.com/dp/B0F23GTKHL?tag=eloabder-20&linkCode=osi&th=1&psc=1">View Product</a></div><div class="product"><a href="https://www.amazon.com/dp/B01IIGMBVI?tag=eloabder-20&linkCode=osi&th=1&psc=1"><img src="https://m.media-amazon.com/images/I/21Vw8003F0L._SL500_.jpg" alt="Product Image"></a><p>Alera ALE Valencia Series Underdesk Keyboard/Mouse Shelf, 28w x 12d, Black</p><p> -50% 0FF </p><p>$29.22</p><a href="https://www.amazon.com/dp/B01IIGMBVI?tag=eloabder-20&linkCode=osi&th=1&psc=1">View Product</a></div>
<div class="product"><a href="https://www.amazon.com/dp/B07C3XZMC6?tag=eloabder-20&linkCode=osi&th=1&psc=1"><img src="https://m.media-amazon.com/images/I/31Eojf7glwL._SL500_.jpg" alt="Product Image"></a><p>JIKIOU 3 Pack Mouse Pad with Stitched Edge, Comfortable Mouse Pads with Non-Slip Rubber Base, Washable Mousepads Bulk with Comfortable Cloth, Mouse Pads for Computers Laptop Mouse 10.2x8.3inch Black</p><p> -29% 0FF </p><p>$7.99</p><a href="https://www.amazon.com/dp/B07C3XZMC6?tag=eloabder-20&linkCode=osi&th=1&psc=1">View Product</a></div><div class="product"><a href="https://www.amazon.com/dp/B085XRMSTT?tag=eloabder-20&linkCode=osi&th=1&psc=1"><img src="https://m.media-amazon.com/images/I/31aDSI0sFoL._SL500_.jpg" alt="Product Image"></a><p>EooCoo Ergonomic Mouse Pad with Wrist Support, Mousepad with Memory Foam Wrist Rest and Non-Slip Base for Computer, Cafe, Home & Office, 9.64 x 8.26 in Office Desk Accessories</p><p> -36% 0FF </p><p>$6.99</p><a href="https://www.amazon.com/dp/B085XRMSTT?tag=eloabder-20&linkCode=osi&th=1&psc=1">View Product</a></div>
<div class="product"><a href="https://www.amazon.com/dp/B0BRCJL4MM?tag=eloabder-20&linkCode=osi&th=1&psc=1"><img src="https://m.media-amazon.com/images/I/41sggzaNbPL._SL500_.jpg" alt="Product Image"></a><p>Led Desk Lamp for Office Home - Eye Caring Architect lamp with Clamp,Dual Screen Computer Monitor Gooseneck Smart Light: 24W 5 Color Flexible Adjustable Lighting Table Lamp for Study Drafting</p><p> -13% 0FF </p><p>$69.99</p><a href="https://www.amazon.com/dp/B0BRCJL4MM?tag=eloabder-20&linkCode=osi&th=1&psc=1">View Product</a></div><div class="product"><a href="https://www.amazon.com/dp/B0BNHNG5CY?tag=eloabder-20&linkCode=osi&th=1&psc=1"><img src="https://m.media-amazon.com/images/I/51ccmdZe2YL._SL500_.jpg" alt="Product Image"></a><p>Micomlan Led Desk Lamp with Clamp, Architect Desk Lamp for Home Office with Atmosphere Lighting, 24W Ultra Bright Auto Dimming Computer Light Stepless Dimming and Tempering LED Table Light</p><p> -27% 0FF </p><p>$49.99</p><a href="https://www.amazon.com/dp/B0BNHNG5CY?tag=eloabder-20&linkCode=osi&th=1&psc=1">View Product</a></div><div class="product"><a href="https://www.amazon.com/dp/B078W61H9P?tag=eloabder-20&linkCode=osi&th=1&psc=1"><img src="https://m.media-amazon.com/images/I/31aebwb3nqL._SL500_.jpg" alt="Product Image"></a><p>LEPOWER Metal Desk Lamp, Eye-Caring Table Lamp, Study Lamps with Flexible Goose Neck for Bedroom, Home Office (Matte Black)</p><p> -24% 0FF </p><p>$24.99</p><a href="https://www.amazon.com/dp/B078W61H9P?tag=eloabder-20&linkCode=osi&th=1&psc=1">View Product</a></div><div class="product"><a href="https://www.amazon.com/dp/B0D1DLY4H4?tag=eloabder-20&linkCode=osi&th=1&psc=1"><img src="https://m.media-amazon.com/images/I/41sKiuSIwRL._SL500_.jpg" alt="Product Image"></a><p>SKYLEO Led Desk Lamp - Desk Light for 31.5" Tall - 5 Color Modes X 11 Brightness Levels - Adjustable Swing Arm - Timmer & Memory Function - 12W Lamp for Desk - Black</p><p> -23% 0FF </p><p>$19.99</p><a href="https://www.amazon.com/dp/B0D1DLY4H4?tag=eloabder-20&linkCode=osi&th=1&psc=1">View Product</a></div><div class="product"><a href="https://www.amazon.com/dp/B0D2LGK82V?tag=eloabder-20&linkCode=osi&th=1&psc=1"><img src="https://m.media-amazon.com/images/I/41UpQ-qygDL._SL500_.jpg" alt="Product Image"></a><p>Addtam LED Desk Lamp, Power Strip with 3 Outlets 4 USB Charging Ports(2 USBC), 4 Modes 5 Level Brightness Touch Lamp, Small Desk Lamp for Home Office College Dorm Room Essentials</p><p> -23% 0FF </p><p>$16.99</p><a href="https://www.amazon.com/dp/B0D2LGK82V?tag=eloabder-20&linkCode=osi&th=1&psc=1">View Product</a></div><div class="product"><a href="https://www.amazon.com/dp/B08LMTQ7ZF?tag=eloabder-20&linkCode=osi&th=1&psc=1"><img src="https://m.media-amazon.com/images/I/21vKPX2KHML._SL500_.jpg" alt="Product Image"></a><p>Lepro LED Desk Lamp for Home Office, 9.5W 750LM Metal Touch Control Desk Light, 5 Color Modes 5 Brightness Level, Eye Caring Task Lamp For Reading, Sewing, Crafts, School Supplies, Puzzle Light, Black</p><p> -13% 0FF </p><p>$24.99</p><a href="https://www.amazon.com/dp/B08LMTQ7ZF?tag=eloabder-20&linkCode=osi&th=1&psc=1">View Product</a></div>
<div class="product"><a href="https://www.amazon.com/dp/B0D7BXNDP4?tag=eloabder-20&linkCode=osi&th=1&psc=1"><img src="https://m.media-amazon.com/images/I/41DuEunZ1+L._SL500_.jpg" alt="Product Image"></a><p>Monitor Fan with Clamp & Light Bar Desk Lamp with fan for Office mini Desk fan small quiet with lamp for PC Laptops Tablet for Home Office Portable Working Reading Stand Lamp</p><p> -5% 0FF </p><p>$15.19</p><a href="https://www.amazon.com/dp/B0D7BXNDP4?tag=eloabder-20&linkCode=osi&th=1&psc=1">View Product</a></div><div class="product"><a href="https://www.amazon.com/dp/B07K1D41DC?tag=eloabder-20&linkCode=osi&th=1&psc=1"><img src="https://m.media-amazon.com/images/I/310MAouNV-L._SL500_.jpg" alt="Product Image"></a><p>OttLite Cool Breeze LED Lamp with Bladeless Fan - 3 Speed Options & 5 Brightness Settings with Energy Efficient Natural Daylight LEDs - Desktop, Table or Nightstand Lamp for Studying or Reading</p><p> -14% 0FF </p><p>$89.98</p><a href="https://www.amazon.com/dp/B07K1D41DC?tag=eloabder-20&linkCode=osi&th=1&psc=1">View Product</a></div>
<div class="product"><a href="https://www.amazon.com/dp/B0CXSXL1F2?tag=eloabder-20&linkCode=osi&th=1&psc=1"><img src="https://m.media-amazon.com/images/I/41H6cndt7iL._SL500_.jpg" alt="Product Image"></a><p>9 Pack Lined Sticky Notes 4x6 in Post Sticky Notes with Lines, 9 Bright Colors Self Sticky Notes Pad Its, Large Ruled Sticky Note for Office, Home, 35 Sheets/Pad</p><p> -33% 0FF </p><p>$7.99</p><a href="https://www.amazon.com/dp/B0CXSXL1F2?tag=eloabder-20&linkCode=osi&th=1&psc=1">View Product</a></div><div class="product"><a href="https://www.amazon.com/dp/B019QROV9S?tag=eloabder-20&linkCode=osi&th=1&psc=1"><img src="https://m.media-amazon.com/images/I/51OsStyntzL._SL500_.jpg" alt="Product Image"></a><p>Sharpie Clear View Highlighter Sticks, Chisel Tip, Assorted Fluorescent, 8 Count - School, Home, and Office Use, Teacher Supplies</p><p> -23% 0FF </p><p>$13.86</p><a href="https://www.amazon.com/dp/B019QROV9S?tag=eloabder-20&linkCode=osi&th=1&psc=1">View Product</a></div>
<div class="product"><a href="https://www.amazon.com/dp/B082PN4X5J?tag=eloabder-20&linkCode=osi&th=1&psc=1"><img src="https://m.media-amazon.com/images/I/51o+eA8g6nL._SL500_.jpg" alt="Product Image"></a><p>Sharpie S-Gel Gel Pens, Black Barrel, Medium Point (0.7mm), Black Gel Ink Pens, 12 Count - Home, Office, School, Journaling, Writing, Note-Taking, Teacher Supplies</p><p> -14% 0FF </p><p>$11.97</p><a href="https://www.amazon.com/dp/B082PN4X5J?tag=eloabder-20&linkCode=osi&th=1&psc=1">View Product</a></div><div class="product"><a href="https://www.amazon.com/dp/B0C9W8DD9S?tag=eloabder-20&linkCode=osi&th=1&psc=1"><img src="https://m.media-amazon.com/images/I/41mdSvEwNZL._SL500_.jpg" alt="Product Image"></a><p>Ddaowanx Gel Pens, 6 Pcs 0.5mm Quick Dry Black Ink Pens Fine Point Smooth Writing Pens, Cute Office School Supplies Gifts for Women</p><p> -10% 0FF </p><p>$8.99</p><a href="https://www.amazon.com/dp/B0C9W8DD9S?tag=eloabder-20&linkCode=osi&th=1&psc=1">View Product</a></div><div class="product"><a href="https://www.amazon.com/dp/B019QBOG3U?tag=eloabder-20&linkCode=osi&th=1&psc=1"><img src="https://m.media-amazon.com/images/I/416PjSebDoL._SL500_.jpg" alt="Product Image"></a><p>Paper Mate Colorful Gel Pens - InkJoy Gel Pens Assorted Medium Point (0.7). Perfect for Vibrant Colored Writing and Sketching with Paper Mate InkJoy 14 Count</p><p> -18% 0FF </p><p>$10.31</p><a href="https://www.amazon.com/dp/B019QBOG3U?tag=eloabder-20&linkCode=osi&th=1&psc=1">View Product</a></div><div class="product"><a href="https://www.amazon.com/dp/B0C73JDN4S?tag=eloabder-20&linkCode=osi&th=1&psc=1"><img src="https://m.media-amazon.com/images/I/51DJUUxL7HL._SL500_.jpg" alt="Product Image"></a><p>Linbsunne Ballpoint Pens Black Medium Point 1mm Pen with Super Soft Grip Ball Point Pen for Men Women Retractable Pens (gold-12 pcs)</p><p> -10% 0FF </p><p>$8.99</p><a href="https://www.amazon.com/dp/B0C73JDN4S?tag=eloabder-20&linkCode=osi&th=1&psc=1">View Product</a></div><div class="product"><a href="https://www.amazon.com/dp/B001OTA66O?tag=eloabder-20&linkCode=osi&th=1&psc=1"><img src="https://m.media-amazon.com/images/I/41yS5tBZQLL._SL500_.jpg" alt="Product Image"></a><p>BIC Glide Black Retractable Ballpoint Pens, Medium Point (1.0mm), 4-Count Pack, Ultra Smooth Writing Black Pens</p><p> -40% 0FF </p><p>$2.99</p><a href="https://www.amazon.com/dp/B001OTA66O?tag=eloabder-20&linkCode=osi&th=1&psc=1">View Product</a></div>
<div class="product"><a href="https://www.amazon.com/dp/B002HVXXCW?tag=eloabder-20&linkCode=osi&th=1&psc=1"><img src="https://m.media-amazon.com/images/I/41JeEedXCeL._SL500_.jpg" alt="Product Image"></a><p>Ticonderoga Wood-Cased Pencils, Pre-Sharpened, 2 HB Soft, Yellow, 10 Count</p><p> -58% 0FF </p><p>$2.49</p><a href="https://www.amazon.com/dp/B002HVXXCW?tag=eloabder-20&linkCode=osi&th=1&psc=1">View Product</a></div><div class="product"><a href="https://www.amazon.com/dp/B077Q4B6YN?tag=eloabder-20&linkCode=osi&th=1&psc=1"><img src="https://m.media-amazon.com/images/I/4160YcHGDNL._SL500_.jpg" alt="Product Image"></a><p>Paper Mate 2017483 Mechanical Pencils for Handwriting, Triangular, 5/PK, AST</p><p> -45% 0FF </p><p>$3.47</p><a href="https://www.amazon.com/dp/B077Q4B6YN?tag=eloabder-20&linkCode=osi&th=1&psc=1">View Product</a></div>
<div class="product"><a href="https://www.amazon.com/dp/B0D7YTZNRF?tag=eloabder-20&linkCode=osi&th=1&psc=1"><img src="https://m.media-amazon.com/images/I/41hSbSlNAmL._SL500_.jpg" alt="Product Image"></a><p>YASNAY Alcohol Markers, 48 Colors Dual Tip Art Marker, Drawing Markers, Coloring Marker for Kids Sketching Adult Coloring</p><p> -27% 0FF </p><p>$10.99</p><a href="https://www.amazon.com/dp/B0D7YTZNRF?tag=eloabder-20&linkCode=osi&th=1&psc=1">View Product</a></div><div class="product"><a href="https://www.amazon.com/dp/B07CJ8QXF8?tag=eloabder-20&linkCode=osi&th=1&psc=1"><img src="https://m.media-amazon.com/images/I/51bChi4-H4L._SL500_.jpg" alt="Product Image"></a><p>Dual Markers Brush Pens, 36 Fine Point Art Marker, Double Tip Colored Pen for Adult Coloring Hand Lettering, School Classroom Art Suppliers</p><p> -20% 0FF </p><p>$7.98</p><a href="https://www.amazon.com/dp/B07CJ8QXF8?tag=eloabder-20&linkCode=osi&th=1&psc=1">View Product</a></div><div class="product"><a href="https://www.amazon.com/dp/B071CP6X88?tag=eloabder-20&linkCode=osi&th=1&psc=1"><img src="https://m.media-amazon.com/images/I/41sNeEYkTNL._SL500_.jpg" alt="Product Image"></a><p>Crayola Super Tips Marker Set for Kids (100ct), Broad Tip & Fine Point Washable Art Markers for Kids, Bulk School Supplies, Teacher Classroom Must Haves, Drawing Supplies</p><p> -19% 0FF </p><p>$16.29</p><a href="https://www.amazon.com/dp/B071CP6X88?tag=eloabder-20&linkCode=osi&th=1&psc=1">View Product</a></div><div class="product"><a href="https://www.amazon.com/dp/B08MBFPFCQ?tag=eloabder-20&linkCode=osi&th=1&psc=1"><img src="https://m.media-amazon.com/images/I/51DaGL7Z4oL._SL500_.jpg" alt="Product Image"></a><p>Sharpie Permanent Markers Variety Pack, Includes Chisel, Fine, and Ultra-Fine Tips, Marker Set, Writing, Coloring, Poster, Office, School Supplies, Black, 6 Count</p><p> -19% 0FF </p><p>$4.63 ($0.77 / Count)</p><a href="https://www.amazon.com/dp/B08MBFPFCQ?tag=eloabder-20&linkCode=osi&th=1&psc=1">View Product</a></div>
<div class="product"><a href="https://www.amazon.com/dp/B09Y2KJ2KX?tag=eloabder-20&linkCode=osi&th=1&psc=1"><img src="https://m.media-amazon.com/images/I/41EhQr7suML._SL500_.jpg" alt="Product Image"></a><p>Sharpie Pocket Highlighters, Mild Pastel Colors, Assorted, Chisel Tip, 12 Count - School, Home, and Office Use, Teacher Supplies</p><p> -22% 0FF </p><p>$7.76 ($0.65 / Count)</p><a href="https://www.amazon.com/dp/B09Y2KJ2KX?tag=eloabder-20&linkCode=osi&th=1&psc=1">View Product</a></div><div class="product"><a href="https://www.amazon.com/dp/B08698MJWT?tag=eloabder-20&linkCode=osi&th=1&psc=1"><img src="https://m.media-amazon.com/images/I/512N7aYt5oL._SL500_.jpg" alt="Product Image"></a><p>Sharpie S-Note Creative Markers, Pastel Highlighters, Art Marker Set, Assorted Colors, Chisel Tip, 24 Count - School, Home, and Office Use, Teacher Supplies</p><p> -60% 0FF </p><p>$8.83</p><a href="https://www.amazon.com/dp/B08698MJWT?tag=eloabder-20&linkCode=osi&th=1&psc=1">View Product</a></div>
<div class="product"><a href="https://www.amazon.com/dp/B097DPQPYN?tag=eloabder-20&linkCode=osi&th=1&psc=1"><img src="https://m.media-amazon.com/images/I/51nFyQPtfkL._SL500_.jpg" alt="Product Image"></a><p>Sonuimy Pencil Sharpeners, 4 Pcs Pencil Sharpeners Manual,Dual Holes Compact Colored Handheld Pencil Sharpener for Kids with Lid Adults Students School Class Home Office (Covered)</p><p> -13% 0FF </p><p>$4.49</p><a href="https://www.amazon.com/dp/B097DPQPYN?tag=eloabder-20&linkCode=osi&th=1&psc=1">View Product</a></div><div class="product"><a href="https://www.amazon.com/dp/B000MFN1G8?tag=eloabder-20&linkCode=osi&th=1&psc=1"><img src="https://m.media-amazon.com/images/I/41JPflroUEL._SL500_.jpg" alt="Product Image"></a><p>Compact Desktop Electric Pencil Sharpener, Black, Sold as 1 Each</p><p> -21% 0FF </p><p>$15.89</p><a href="https://www.amazon.com/dp/B000MFN1G8?tag=eloabder-20&linkCode=osi&th=1&psc=1">View Product</a></div><div class="product"><a href="https://www.amazon.com/dp/B00125KXGI?tag=eloabder-20&linkCode=osi&th=1&psc=1"><img src="https://m.media-amazon.com/images/I/51avY0bZv6L._SL500_.jpg" alt="Product Image"></a><p>Bostitch Office Personal Electric Pencil Sharpener, Powerful Stall-Free Motor, High Capacity Shavings Tray, Blue</p><p> -13% 0FF </p><p>$17.48</p><a href="https://www.amazon.com/dp/B00125KXGI?tag=eloabder-20&linkCode=osi&th=1&psc=1">View Product</a></div><div class="product"><a href="https://www.amazon.com/dp/B078DZY9Z5?tag=eloabder-20&linkCode=osi&th=1&psc=1"><img src="https://m.media-amazon.com/images/I/41KbUFGrXfL._SL500_.jpg" alt="Product Image"></a><p>JARLINK Electric Pencil Sharpener, Heavy-Duty Helical Blade to Fast Sharpen, Auto Stop for No.2/Colored Pencils(6-8mm), AC Adapter/Battery Operated in School Classroom/Office/Home (Black)</p><p> -21% 0FF </p><p>$16.98</p><a href="https://www.amazon.com/dp/B078DZY9Z5?tag=eloabder-20&linkCode=osi&th=1&psc=1">View Product</a></div><div class="product"><a href="https://www.amazon.com/dp/B08DLXH86D?tag=eloabder-20&linkCode=osi&th=1&psc=1"><img src="https://m.media-amazon.com/images/I/41UghsnBycL._SL500_.jpg" alt="Product Image"></a><p>Aogwat Pencil Sharpener Electric Pencil Sharpener for Kids, Blade to Fast Sharpen, Suitable for No.2/School/Classroom/Office/Home (Black)</p><p> -23% 0FF </p><p>$9.99</p><a href="https://www.amazon.com/dp/B08DLXH86D?tag=eloabder-20&linkCode=osi&th=1&psc=1">View Product</a></div><div class="product"><a href="https://www.amazon.com/dp/B000GP0VIU?tag=eloabder-20&linkCode=osi&th=1&psc=1"><img src="https://m.media-amazon.com/images/I/318OKKSwzbL._SL500_.jpg" alt="Product Image"></a><p>Bostitch Office Wall Mount Manual Pencil Sharpener, Tip Saver, 8 Hole Dial, 6X Longer Cutter Life, Vertical or Horizontal Mounting Black (MPS1-BLK)</p><p> -9% 0FF </p><p>$13.18</p><a href="https://www.amazon.com/dp/B000GP0VIU?tag=eloabder-20&linkCode=osi&th=1&psc=1">View Product</a></div>
<div class="product"><a href="https://www.amazon.com/dp/B00094H4LU?tag=eloabder-20&linkCode=osi&th=1&psc=1"><img src="https://m.media-amazon.com/images/I/41f-fbZYU1L._SL500_.jpg" alt="Product Image"></a><p>Paper Mate Erasers | Pink Pearl Large Erasers 12 Count</p><p> -55% 0FF </p><p>$6.03</p><a href="https://www.amazon.com/dp/B00094H4LU?tag=eloabder-20&linkCode=osi&th=1&psc=1">View Product</a></div><div class="product"><a href="https://www.amazon.com/dp/B07DPVVMWB?tag=eloabder-20&linkCode=osi&th=1&psc=1"><img src="https://m.media-amazon.com/images/I/51wLlsENgiL._SL500_.jpg" alt="Product Image"></a><p>Mr. Pen Erasers for Pencils, 120 Pack, Pencil Top Erasers, Eraser Caps, Cap Tops, Topper Erasers. Ereaser</p><p> -24% 0FF </p><p>$5.95</p><a href="https://www.amazon.com/dp/B07DPVVMWB?tag=eloabder-20&linkCode=osi&th=1&psc=1">View Product</a></div><div class="product"><a href="https://www.amazon.com/dp/B07144DC8V?tag=eloabder-20&linkCode=osi&th=1&psc=1"><img src="https://m.media-amazon.com/images/I/51Ed1+HW9cL._SL500_.jpg" alt="Product Image"></a><p>Pentel Hi-Polymer Block Eraser, White, 10/Box (ZEH10PC10)</p><p> -44% 0FF </p><p>$9.99</p><a href="https://www.amazon.com/dp/B07144DC8V?tag=eloabder-20&linkCode=osi&th=1&psc=1">View Product</a></div><div class="product"><a href="https://www.amazon.com/dp/B0047CT6SE?tag=eloabder-20&linkCode=osi&th=1&psc=1"><img src="https://m.media-amazon.com/images/I/41bhWXKeeiL._SL500_.jpg" alt="Product Image"></a><p>Pentel Clic Retractable Eraser with Grip, 3 Pack</p><p> -29% 0FF </p><p>$4.77</p><a href="https://www.amazon.com/dp/B0047CT6SE?tag=eloabder-20&linkCode=osi&th=1&psc=1">View Product</a></div>
<div class="product"><a href="https://www.amazon.com/dp/B09S9X3HV7?tag=eloabder-20&linkCode=osi&th=1&psc=1"><img src="https://m.media-amazon.com/images/I/51GgMyfl5VL._SL500_.jpg" alt="Product Image"></a><p>Color Transparent Ruler Plastic Rulers - Ruler 12 inch, Kids Ruler for School, Ruler with Centimeters, Millimeter and Inches, Assorted Colors, Clear Rulers, 7 Pack School Rulers</p><p> -16% 0FF </p><p>$5.99</p><a href="https://www.amazon.com/dp/B09S9X3HV7?tag=eloabder-20&linkCode=osi&th=1&psc=1">View Product</a></div><div class="product"><a href="https://www.amazon.com/dp/B06XK9VQM4?tag=eloabder-20&linkCode=osi&th=1&psc=1"><img src="https://m.media-amazon.com/images/I/51Glln3n-nL._SL500_.jpg" alt="Product Image"></a><p>Outus 12 Pack Wood Ruler Bulk for Students Wooden School Rulers Gifts Office Classroom Measuring, 2 Scale, 12 Inch and 30 cm</p><p> -6% 0FF </p><p>$7.99</p><a href="https://www.amazon.com/dp/B06XK9VQM4?tag=eloabder-20&linkCode=osi&th=1&psc=1">View Product</a></div><div class="product"><a href="https://www.amazon.com/dp/B0B5MLTG7J?tag=eloabder-20&linkCode=osi&th=1&psc=1"><img src="https://m.media-amazon.com/images/I/51z9LUxLKmL._SL500_.jpg" alt="Product Image"></a><p>DAGONGREN 30 Pack Clear Plastic Rulers 12 Inch,Transparent Assorted Color Metric Bulk Rulers with Inches and Centimeters,Kids Ruler for School,Home,Office</p><p> -9% 0FF </p><p>$9.99</p><a href="https://www.amazon.com/dp/B0B5MLTG7J?tag=eloabder-20&linkCode=osi&th=1&psc=1">View Product</a></div><div class="product"><a href="https://www.amazon.com/dp/B096MPPF53?tag=eloabder-20&linkCode=osi&th=1&psc=1"><img src="https://m.media-amazon.com/images/I/51qUpElDRcS._SL500_.jpg" alt="Product Image"></a><p>Tenare 1 Set Plastic Clear Math Set Includes Protractor Triangle Rulers 12 Inch 6 Inch Straight Geometry Math Transparent Ruler Measuring Tool for School Office Home Supplies(Clear)</p><p> -25% 0FF </p><p>$5.98</p><a href="https://www.amazon.com/dp/B096MPPF53?tag=eloabder-20&linkCode=osi&th=1&psc=1">View Product</a></div>
<div class="product"><a href="https://www.amazon.com/dp/B07YDDX4JL?tag=eloabder-20&linkCode=osi&th=1&psc=1"><img src="https://m.media-amazon.com/images/I/41oBPZwCRLL._SL500_.jpg" alt="Product Image"></a><p>3-Pack 8" Heavy Duty Scissors with Ultra Sharp Blades and Comfort Grip Handles - For Office, Home, School, Sewing, and Crafts</p><p> -15% 0FF </p><p>$8.49 ($2.83 / Count)</p><a href="https://www.amazon.com/dp/B07YDDX4JL?tag=eloabder-20&linkCode=osi&th=1&psc=1">View Product</a></div><div class="product"><a href="https://www.amazon.com/dp/B01BRGU8R0?tag=eloabder-20&linkCode=osi&th=1&psc=1"><img src="https://m.media-amazon.com/images/I/41ANVra+eNL._SL500_.jpg" alt="Product Image"></a><p>Amazon Basics Stainless Steel Scissors for Office, Crafts, Multipurpose, Sharp, Comfort Grip, PVD Coated, 3 Pack, Multicolor</p><p> -45% 0FF </p><p>$7.55</p><a href="https://www.amazon.com/dp/B01BRGU8R0?tag=eloabder-20&linkCode=osi&th=1&psc=1">View Product</a></div><div class="product"><a href="https://www.amazon.com/dp/B000P0LNRE?tag=eloabder-20&linkCode=osi&th=1&psc=1"><img src="https://m.media-amazon.com/images/I/41fWgMTO0JL._SL500_.jpg" alt="Product Image"></a><p>Westcott 8-Inch Titanium-Bonded Scissors with Adjustable Glide Feature for Office and Home - Gray/Yellow, 2-Pack</p><p> -33% 0FF </p><p>$9.97</p><a href="https://www.amazon.com/dp/B000P0LNRE?tag=eloabder-20&linkCode=osi&th=1&psc=1">View Product</a></div>
<div class="product"><a href="https://www.amazon.com/dp/B074ZRZ4CZ?tag=eloabder-20&linkCode=osi&th=1&psc=1"><img src="https://m.media-amazon.com/images/I/41bu+HKxC2L._SL500_.jpg" alt="Product Image"></a><p>Swingline Commercial Stapler, 20 Sheet Capacity, Jam Free, Metal, 2 Pack, Black (44401AZ)</p><p> -5% 0FF </p><p>$18.98</p><a href="https://www.amazon.com/dp/B074ZRZ4CZ?tag=eloabder-20&linkCode=osi&th=1&psc=1">View Product</a></div><div class="product"><a href="https://www.amazon.com/dp/B001PME62K?tag=eloabder-20&linkCode=osi&th=1&psc=1"><img src="https://m.media-amazon.com/images/I/41gbaJu-3iL._SL500_.jpg" alt="Product Image"></a><p>Swingline Stapler, 40 Sheet Capacity, Optima 40, Jam Free, Reduced Effort, Soft Grip, Metal, Orange and Gray (87845)</p><p> -14% 0FF </p><p>$24.19</p><a href="https://www.amazon.com/dp/B001PME62K?tag=eloabder-20&linkCode=osi&th=1&psc=1">View Product</a></div><div class="product"><a href="https://www.amazon.com/dp/B0D2JBKYM1?tag=eloabder-20&linkCode=osi&th=1&psc=1"><img src="https://m.media-amazon.com/images/I/41zFTU9QpfL._SL500_.jpg" alt="Product Image"></a><p>Bostitch Office Stapler, No-Jam Premium for Desktop, Includes 1,250 Staples, Full-Strip, 25 Sheet Capacity, Black</p><p> -26% 0FF </p><p>$6.99</p><a href="https://www.amazon.com/dp/B0D2JBKYM1?tag=eloabder-20&linkCode=osi&th=1&psc=1">View Product</a></div><div class="product"><a href="https://www.amazon.com/dp/B0CC5GJKM1?tag=eloabder-20&linkCode=osi&th=1&psc=1"><img src="https://m.media-amazon.com/images/I/41JDDoSZQiL._SL500_.jpg" alt="Product Image"></a><p>Metal Stapler Heavy Duty 50 Sheet Capacity with 1750 Staples and Staple Remover, Full Strip Staplers for Desk, No Jam, Non-Slip for Office & Classroom, Black</p><p> -33% 0FF </p><p>$13.29</p><a href="https://www.amazon.com/dp/B0CC5GJKM1?tag=eloabder-20&linkCode=osi&th=1&psc=1">View Product</a></div><div class="product"><a href="https://www.amazon.com/dp/B0006HUQZ6?tag=eloabder-20&linkCode=osi&th=1&psc=1"><img src="https://m.media-amazon.com/images/I/31e-T-f1TGL._SL500_.jpg" alt="Product Image"></a><p>Swingline Stapler, 30 Sheet Capacity, 747 Business Stapler, Jam Free, Metal, Rio Red (74736)</p><p> -23% 0FF </p><p>$15.30</p><a href="https://www.amazon.com/dp/B0006HUQZ6?tag=eloabder-20&linkCode=osi&th=1&psc=1">View Product</a></div>
<div class="product"><a href="https://www.amazon.com/dp/B00J8PJJF0?tag=eloabder-20&linkCode=osi&th=1&psc=1"><img src="https://m.media-amazon.com/images/I/418dc+5ZGkL._SL500_.jpg" alt="Product Image"></a><p>Bostitch Office Premium Standard Staples, 1/4" Full Strip, Box of 5,000 Staples</p><p> -27% 0FF </p><p>$4.39</p><a href="https://www.amazon.com/dp/B00J8PJJF0?tag=eloabder-20&linkCode=osi&th=1&psc=1">View Product</a></div><div class="product"><a href="https://www.amazon.com/dp/B079VYR12V?tag=eloabder-20&linkCode=osi&th=1&psc=1"><img src="https://m.media-amazon.com/images/I/51xAt88vqrL._SL500_.jpg" alt="Product Image"></a><p>Officemate Standard Staples, 10 Boxes General Purpose Staple (91950)</p><p> -10% 0FF </p><p>$14.37</p><a href="https://www.amazon.com/dp/B079VYR12V?tag=eloabder-20&linkCode=osi&th=1&psc=1">View Product</a></div><div class="product"><a href="https://www.amazon.com/dp/B00006IFMQ?tag=eloabder-20&linkCode=osi&th=1&psc=1"><img src="https://m.media-amazon.com/images/I/51UsWZuFq8L._SL500_.jpg" alt="Product Image"></a><p>Bostitch Office B8 PowerCrown 0.25 Inch Staples, Pack of 5,000 Staples (STCRP21151/4), Silver</p><p> -30% 0FF </p><p>$2.33</p><a href="https://www.amazon.com/dp/B00006IFMQ?tag=eloabder-20&linkCode=osi&th=1&psc=1">View Product</a></div>
<div class="product"><a href="https://www.amazon.com/dp/B000J07BRQ?tag=eloabder-20&linkCode=osi&th=1&psc=1"><img src="https://m.media-amazon.com/images/I/51QpJKjajbL._SL500_.jpg" alt="Product Image"></a><p>Scotch Heavy Duty Shipping Packing Tape, Clear, Packing Tape for Moving Boxes and Packaging Supplies, 1.88 in. x 22.2 yd., 6 Roll Dispensers, Moving Supplies</p><p> -35% 0FF </p><p>$12.99</p><a href="https://www.amazon.com/dp/B000J07BRQ?tag=eloabder-20&linkCode=osi&th=1&psc=1">View Product</a></div><div class="product"><a href="https://www.amazon.com/dp/B0000DH8HQ?tag=eloabder-20&linkCode=osi&th=1&psc=1"><img src="https://m.media-amazon.com/images/I/414lAY+087L._SL500_.jpg" alt="Product Image"></a><p>Scotch Magic Tape, Invisible Transparent Tape, 6 Tape Rolls with Dispensers, 3/4 in x 650 in</p><p> -23% 0FF </p><p>$12.34</p><a href="https://www.amazon.com/dp/B0000DH8HQ?tag=eloabder-20&linkCode=osi&th=1&psc=1">View Product</a></div><div class="product"><a href="https://www.amazon.com/dp/B0DQHV6X92?tag=eloabder-20&linkCode=osi&th=1&psc=1"><img src="https://m.media-amazon.com/images/I/51ViCFlgldL._SL500_.jpg" alt="Product Image"></a><p>BeataTap Tape, Invisible Tape, 6 Rolls + 6 Refillable Dispensers, Matte Finish, Writable, 3/4″ x 650″, Transparent Tape, Clear Tape for Gift Wrapping Paper, School Supplies</p><p> -15% 0FF </p><p>$5.94 ($0.99 / Count)</p><a href="https://www.amazon.com/dp/B0DQHV6X92?tag=eloabder-20&linkCode=osi&th=1&psc=1">View Product</a></div><div class="product"><a href="https://www.amazon.com/dp/B07CB6LN5S?tag=eloabder-20&linkCode=osi&th=1&psc=1"><img src="https://m.media-amazon.com/images/I/41NNyeISnjL._SL500_.jpg" alt="Product Image"></a><p>Scotch Super-Hold Tape, 2 Rolls, Transparent Finish, 50% More Adhesive, Trusted Favorite, 3/4 x 600 Inches, Dispensered (198DM-2)</p><p> -30% 0FF </p><p>$5.97</p><a href="https://www.amazon.com/dp/B07CB6LN5S?tag=eloabder-20&linkCode=osi&th=1&psc=1">View Product</a></div><div class="product"><a href="https://www.amazon.com/dp/B00464740A?tag=eloabder-20&linkCode=osi&th=1&psc=1"><img src="https://m.media-amazon.com/images/I/51ZPFoiGfuL._SL500_.jpg" alt="Product Image"></a><p>Scotch Sure Start Shipping Packaging Tape, 1.88" x 22.2 yd, Designed for Packing, Shipping and Mailing, Quiet Unwind, No Splitting or Tearing, 1.5" Core, Clear, 6 Dispensered Rolls (145-6)</p><p> -28% 0FF </p><p>$13.48</p><a href="https://www.amazon.com/dp/B00464740A?tag=eloabder-20&linkCode=osi&th=1&psc=1">View Product</a></div><div class="product"><a href="https://www.amazon.com/dp/B09C6LLG9P?tag=eloabder-20&linkCode=osi&th=1&psc=1"><img src="https://m.media-amazon.com/images/I/41rbv66ZNBL._SL500_.jpg" alt="Product Image"></a><p>Scotch Box Lock Packaging Tape, 1 Roll with Dispenser, 1.88 in x 1000 in, Extreme Grip, Sticks Instantly to Any Box (195L)</p><p> -31% 0FF </p><p>$4.12</p><a href="https://www.amazon.com/dp/B09C6LLG9P?tag=eloabder-20&linkCode=osi&th=1&psc=1">View Product</a></div>
<div class="product"><a href="https://www.amazon.com/dp/B08QQZ71CV?tag=eloabder-20&linkCode=osi&th=1&psc=1"><img src="https://m.media-amazon.com/images/I/51Foz0aGYoS._SL500_.jpg" alt="Product Image"></a><p>Gorilla Super Glue, Clear Glue, Four 3 Gram Tubes (Pack of 1) - All Purpose and Fast Setting for Projects and Repairs</p><p> -25% 0FF </p><p>$9.49 ($22.60 / Ounce)</p><a href="https://www.amazon.com/dp/B08QQZ71CV?tag=eloabder-20&linkCode=osi&th=1&psc=1">View Product</a></div><div class="product"><a href="https://www.amazon.com/dp/B07J6R3GK7?tag=eloabder-20&linkCode=osi&th=1&psc=1"><img src="https://m.media-amazon.com/images/I/31kdOjGBkpL._SL500_.jpg" alt="Product Image"></a><p>Amazon Basics All Purpose Washable School Clear Liquid Glue - Great for Making Slime, 128 fl oz</p><p> -6% 0FF </p><p>$16.13</p><a href="https://www.amazon.com/dp/B07J6R3GK7?tag=eloabder-20&linkCode=osi&th=1&psc=1">View Product</a></div><div class="product"><a href="https://www.amazon.com/dp/B00178QQJ8?tag=eloabder-20&linkCode=osi&th=1&psc=1"><img src="https://m.media-amazon.com/images/I/41zs6k410RL._SL500_.jpg" alt="Product Image"></a><p>Mod Podge Gloss Sealer, Glue & Finish: All-in-One Craft Solution- Quick Dry, Easy Clean, for Wood, Paper, Fabric & More. Non-Toxic - Craft with Confidence, Made in USA, 16 oz., Pack of 1</p><p> -36% 0FF </p><p>$7.99 ($0.50 / Fl Oz)</p><a href="https://www.amazon.com/dp/B00178QQJ8?tag=eloabder-20&linkCode=osi&th=1&psc=1">View Product</a></div><div class="product"><a href="https://www.amazon.com/dp/B073V14DZJ?tag=eloabder-20&linkCode=osi&th=1&psc=1"><img src="https://m.media-amazon.com/images/I/31Iyy5+vk6L._SL500_.jpg" alt="Product Image"></a><p>Amazon Basics All Purpose Washable School Craft Liquid Glue for Making Slime, White, Single Pack, 1 Gallon</p><p> -7% 0FF </p><p>$15.54</p><a href="https://www.amazon.com/dp/B073V14DZJ?tag=eloabder-20&linkCode=osi&th=1&psc=1">View Product</a></div><div class="product"><a href="https://www.amazon.com/dp/B0006HUJCQ?tag=eloabder-20&linkCode=osi&th=1&psc=1"><img src="https://m.media-amazon.com/images/I/511pTqChTCL._SL500_.jpg" alt="Product Image"></a><p>Loctite Super Glue Gel Control, Clear, 0.14 fl oz Bottle, 1 Pack - Superglue for Plastic, Wood, Metal, Crafts & Repair, Cyanoacrylate Adhesive Instant Glue, Quick Dry</p><p> -13% 0FF </p><p>$3.64 ($26.00 / Fl Oz)</p><a href="https://www.amazon.com/dp/B0006HUJCQ?tag=eloabder-20&linkCode=osi&th=1&psc=1">View Product</a></div>
<div class="product"><a href="https://www.amazon.com/dp/B074XTRX7K?tag=eloabder-20&linkCode=osi&th=1&psc=1"><img src="https://m.media-amazon.com/images/I/31rOPIrMfDL._SL500_.jpg" alt="Product Image"></a><p>Amazon Basics Sturdy Binder Clips for Office Use, 96 Count (8 Pack of 12), Medium, 1.25 in, Black</p><p> -26% 0FF </p><p>$7.48</p><a href="https://www.amazon.com/dp/B074XTRX7K?tag=eloabder-20&linkCode=osi&th=1&psc=1">View Product</a></div><div class="product"><a href="https://www.amazon.com/dp/B00TQ8FDB8?tag=eloabder-20&linkCode=osi&th=1&psc=1"><img src="https://m.media-amazon.com/images/I/51y7lUrMLnL._SL500_.jpg" alt="Product Image"></a><p>ACCO Binder Clips, Medium, Black, 12 per Box, 2 Boxes (72062)</p><p> -25% 0FF </p><p>$5.96</p><a href="https://www.amazon.com/dp/B00TQ8FDB8?tag=eloabder-20&linkCode=osi&th=1&psc=1">View Product</a></div><div class="product"><a href="https://www.amazon.com/dp/B08KWCDP3C?tag=eloabder-20&linkCode=osi&th=1&psc=1"><img src="https://m.media-amazon.com/images/I/41qucDz6HuL._SL500_.jpg" alt="Product Image"></a><p>Ufmarine Medium Binder Clips 1.25 inch Length, (40 Pcs) Colorful Paper Clips Medium for Office</p><p> -12% 0FF </p><p>$5.99</p><a href="https://www.amazon.com/dp/B08KWCDP3C?tag=eloabder-20&linkCode=osi&th=1&psc=1">View Product</a></div>
<div class="product"><a href="https://www.amazon.com/dp/B09XQLJFDD?tag=eloabder-20&linkCode=osi&th=1&psc=1"><img src="https://m.media-amazon.com/images/I/41iiSFMy4uL._SL500_.jpg" alt="Product Image"></a><p>PAPERPAL Paperclips for Office School & Personal Use, #1 Nonskid Paper Clip (1-2/7"), 600 Medium Paper Clips (6 Boxes of 100 Each), Silver</p><p> -20% 0FF </p><p>$7.99</p><a href="https://www.amazon.com/dp/B09XQLJFDD?tag=eloabder-20&linkCode=osi&th=1&psc=1">View Product</a></div>

<div class="product"><a href="https://www.amazon.com/dp/B004I2G8NO?tag=eloabder-20&linkCode=osi&th=1&psc=1"><img src="https://m.media-amazon.com/images/I/51WEsLRINGL._SL500_.jpg" alt="Product Image"></a><p>Business Source Rubber Band, Natural (1914LB)</p><p> -26% 0FF </p><p>$4.00</p><a href="https://www.amazon.com/dp/B004I2G8NO?tag=eloabder-20&linkCode=osi&th=1&psc=1">View Product</a></div><div class="product"><a href="https://www.amazon.com/dp/B077GDY1LP?tag=eloabder-20&linkCode=osi&th=1&psc=1"><img src="https://m.media-amazon.com/images/I/41nn0nmNTiL._SL500_.jpg" alt="Product Image"></a><p>ANNIE 1000 RUBBER BANDS 1/2" #BLACK</p><p> -7% 0FF </p><p>$4.90 ($1.22 / Count)</p><a href="https://www.amazon.com/dp/B077GDY1LP?tag=eloabder-20&linkCode=osi&th=1&psc=1">View Product</a></div><div class="product"><a href="https://www.amazon.com/dp/B000783OPI?tag=eloabder-20&linkCode=osi&th=1&psc=1"><img src="https://m.media-amazon.com/images/I/510okXKzMqL._SL500_.jpg" alt="Product Image"></a><p>Universal 00419 19-Size Rubber Bands (335 Per Pack), Beige</p><p> -29% 0FF </p><p>$3.44</p><a href="https://www.amazon.com/dp/B000783OPI?tag=eloabder-20&linkCode=osi&th=1&psc=1">View Product</a></div><div class="product"><a href="https://www.amazon.com/dp/B00006IBRU?tag=eloabder-20&linkCode=osi&th=1&psc=1"><img src="https://m.media-amazon.com/images/I/51pU5khkX8L._SL500_.jpg" alt="Product Image"></a><p>ALL26335 - Alliance Rubber 26335 Advantage Rubber Bands - Size #33, Natural, 1 Pound 3 x 1/8 inches</p><p> -62% 0FF </p><p>$3.29</p><a href="https://www.amazon.com/dp/B00006IBRU?tag=eloabder-20&linkCode=osi&th=1&psc=1">View Product</a></div>
<div class="product"><a href="https://www.amazon.com/dp/B0DSKTZBB6?tag=eloabder-20&linkCode=osi&th=1&psc=1"><img src="https://m.media-amazon.com/images/I/415YD3kNFlL._SL500_.jpg" alt="Product Image"></a><p>300 Count Colored Index Cards 3 x 5 Inch Ruled Index Cards, Flash Cards College Ruled for School, College, Office and Home Organization, Durable Study To Do List Note Cards with Ruled Lines</p><p> -10% 0FF </p><p>$6.29</p><a href="https://www.amazon.com/dp/B0DSKTZBB6?tag=eloabder-20&linkCode=osi&th=1&psc=1">View Product</a></div><div class="product"><a href="https://www.amazon.com/dp/B09JYQZQ3V?tag=eloabder-20&linkCode=osi&th=1&psc=1"><img src="https://m.media-amazon.com/images/I/41y5vfnutuL._SL500_.jpg" alt="Product Image"></a><p>Oxford Index Cards, 3 x 5 Inches, White, Lined on Front, Blank on Back, Flashcards for School and Studying, Recipe Note Cards, 500 Count (5 Packs of 100) (40176)</p><p> -22% 0FF </p><p>$7.01</p><a href="https://www.amazon.com/dp/B09JYQZQ3V?tag=eloabder-20&linkCode=osi&th=1&psc=1">View Product</a></div>
<div class="product"><a href="https://www.amazon.com/dp/B00P9U2EM8?tag=eloabder-20&linkCode=osi&th=1&psc=1"><img src="https://m.media-amazon.com/images/I/41Op5kyIukL._SL500_.jpg" alt="Product Image"></a><p>Mead Spiral Notebook, 6 Pack, 1 Subject, College Ruled Paper, 7-1/2" x 10-1/2", 70 Sheets per Notebook, Colors Will Vary (830062-ECM25)</p><p> -46% 0FF </p><p>$6.71</p><a href="https://www.amazon.com/dp/B00P9U2EM8?tag=eloabder-20&linkCode=osi&th=1&psc=1">View Product</a></div><div class="product"><a href="https://www.amazon.com/dp/B0CQN8FVJX?tag=eloabder-20&linkCode=osi&th=1&psc=1"><img src="https://m.media-amazon.com/images/I/414WVVoGFPL._SL500_.jpg" alt="Product Image"></a><p>SUNEE Spiral Notebooks, 1-Subject, 5 Pack, College Ruled Paper, 8" x 10-1/2", 70 Sheets per Notebook,3-Hole Punched Paper, Pink,Purple, Blue, Green, Yellow Spiral Lined Notebooks for School,Work</p><p> -29% 0FF </p><p>$9.99</p><a href="https://www.amazon.com/dp/B0CQN8FVJX?tag=eloabder-20&linkCode=osi&th=1&psc=1">View Product</a></div><div class="product"><a href="https://www.amazon.com/dp/B08NYRMWZ8?tag=eloabder-20&linkCode=osi&th=1&psc=1"><img src="https://m.media-amazon.com/images/I/41y1cnNXtOL._SL500_.jpg" alt="Product Image"></a><p>Yansanido Spiral Notebook, 4 Pcs 8.3 Inch x 5.9 Inch A5 Thick Plastic Hardcover 8mm Ruled 4 Color 80 Sheets -160 Pages Journals for Study and Notes (style 10-Wine Red,Brown,Green,ivory, A5)</p><p> -23% 0FF </p><p>$9.99</p><a href="https://www.amazon.com/dp/B08NYRMWZ8?tag=eloabder-20&linkCode=osi&th=1&psc=1">View Product</a></div><div class="product"><a href="https://www.amazon.com/dp/B08VF9VYLZ?tag=eloabder-20&linkCode=osi&th=1&psc=1"><img src="https://m.media-amazon.com/images/I/41ktUSmtHAL._SL500_.jpg" alt="Product Image"></a><p>Oxford Spiral Notebooks, 6 Pack, 1 Subject, Wide Ruled Notebooks for School, 8 x 10.5 Inches, 70 Sheets, Assorted Pastel Colors, Back to School Supplies (63757)</p><p> -6% 0FF </p><p>$8.99</p><a href="https://www.amazon.com/dp/B08VF9VYLZ?tag=eloabder-20&linkCode=osi&th=1&psc=1">View Product</a></div>
<div class="product"><a href="https://www.amazon.com/dp/B0FDRCSXZH?tag=eloabder-20&linkCode=osi&th=1&psc=1"><img src="https://m.media-amazon.com/images/I/41rYztS-0zL._SL500_.jpg" alt="Product Image"></a><p>5pcs Small Note Pads, Color Notepads 5x8 College Ruled Notebook, Writing Pads 5 x 8, Legal Pads, Memo Pad Paper Perforate Narrow Ruled Notebooks for Work, School, Office Supplies,30 Sheets/Pack</p><p> -14% 0FF </p><p>$5.99</p><a href="https://www.amazon.com/dp/B0FDRCSXZH?tag=eloabder-20&linkCode=osi&th=1&psc=1">View Product</a></div><div class="product"><a href="https://www.amazon.com/dp/B0BZQNCV62?tag=eloabder-20&linkCode=osi&th=1&psc=1"><img src="https://m.media-amazon.com/images/I/41yNqvqCwoL._SL500_.jpg" alt="Product Image"></a><p>Alitte Legal Notepads 8.5 x 11, Pack of 12 - Perforated Wide Ruled Writing Pad - Premium Thick Paper, No Ink Bleeding - Blank Legal Pads For Home, Office, School, Business - 50 Sheets Per Notebook</p><p> -17% 0FF </p><p>$24.99</p><a href="https://www.amazon.com/dp/B0BZQNCV62?tag=eloabder-20&linkCode=osi&th=1&psc=1">View Product</a></div>
<div class="product"><a href="https://www.amazon.com/dp/B0C7S1PCX4?tag=eloabder-20&linkCode=osi&th=1&psc=1"><img src="https://m.media-amazon.com/images/I/41nVRBg2klL._SL500_.jpg" alt="Product Image"></a><p>Oxford 8.5 x 11 Legal Pads, 12 Pack, Wide Ruled, Yellow Paper, 50 Sheets Per Writing Pad, Made in the USA (74020)</p><p> -30% 0FF </p><p>$12.60</p><a href="https://www.amazon.com/dp/B0C7S1PCX4?tag=eloabder-20&linkCode=osi&th=1&psc=1">View Product</a></div><div class="product"><a href="https://www.amazon.com/dp/B0CGF22134?tag=eloabder-20&linkCode=osi&th=1&psc=1"><img src="https://m.media-amazon.com/images/I/41FzLgeXAyL._SL500_.jpg" alt="Product Image"></a><p>MSKKSM Legal Pads 8.5 x 11, 3 Pack Yellow Note Pads 8.5 x 11 Writing Pads, Wide Ruled Legal Notepads, Lined Pads of Paper Yellow Paper Pads, 30 Sheets Per Notepad for School, Home, Office, Business</p><p> -17% 0FF </p><p>$9.99</p><a href="https://www.amazon.com/dp/B0CGF22134?tag=eloabder-20&linkCode=osi&th=1&psc=1">View Product</a></div><div class="product"><a href="https://www.amazon.com/dp/B0FCMWHFC2?tag=eloabder-20&linkCode=osi&th=1&psc=1"><img src="https://m.media-amazon.com/images/I/41MMVFB-S4L._SL500_.jpg" alt="Product Image"></a><p>5pcs Legal Pads 8.5 x 11, Notepads 8.5 x 11 Inch, Color Note Pads Clear Print Writing Pads of Paper, Memo Pads , Perforate Legal Notepads Paper , Wide Ruled Lined with Sturdy Back,30 Sheets/Pack</p><p> -8% 0FF </p><p>$11.99</p><a href="https://www.amazon.com/dp/B0FCMWHFC2?tag=eloabder-20&linkCode=osi&th=1&psc=1">View Product</a></div>
<div class="product"><a href="https://www.amazon.com/dp/B08H593JZG?tag=eloabder-20&linkCode=osi&th=1&psc=1"><img src="https://m.media-amazon.com/images/I/415Ykzo-lyL._SL500_.jpg" alt="Product Image"></a><p>Eastern Wolf 8 Pads Sticky Notes 3x3 Self-Stick Notes 8 Bright Multi Colors Purple Sticky Notes, 85 Sheet/Pad</p><p> -20% 0FF </p><p>$5.59</p><a href="https://www.amazon.com/dp/B08H593JZG?tag=eloabder-20&linkCode=osi&th=1&psc=1">View Product</a></div><div class="product"><a href="https://www.amazon.com/dp/B0BPJW13CM?tag=eloabder-20&linkCode=osi&th=1&psc=1"><img src="https://m.media-amazon.com/images/I/41uKwTyz1rL._SL500_.jpg" alt="Product Image"></a><p>Post-it 100% Recycled Paper Super Sticky Notes, 2X The Sticking Power, 3x3 in, 5 Pads, 70 Sheets/Pad, Wanderlust Pastels Collection (654R-5SSNRP)</p><p> -33% 0FF </p><p>$5.98</p><a href="https://www.amazon.com/dp/B0BPJW13CM?tag=eloabder-20&linkCode=osi&th=1&psc=1">View Product</a></div><div class="product"><a href="https://www.amazon.com/dp/B0D6RPPK9H?tag=eloabder-20&linkCode=osi&th=1&psc=1"><img src="https://m.media-amazon.com/images/I/41O8zZ-RN4L._SL500_.jpg" alt="Product Image"></a><p>(18 Pads) Sticky Notes 3x3 inch, Self-Stick Pads Bright Colors Sticky Note, Recyclable, Easy to Post for Home, Office, Notebook</p><p> -40% 0FF </p><p>$8.39</p><a href="https://www.amazon.com/dp/B0D6RPPK9H?tag=eloabder-20&linkCode=osi&th=1&psc=1">View Product</a></div><div class="product"><a href="https://www.amazon.com/dp/B0CMGJ6FRB?tag=eloabder-20&linkCode=osi&th=1&psc=1"><img src="https://m.media-amazon.com/images/I/41xF9DqIGZL._SL500_.jpg" alt="Product Image"></a><p>Sticky Notes, 12 Pads, 3x3 inches, Soft Pastel Self-Stick Note Pads, Perfect for Office, Study, and Daily Life Organization - Soft Pastel</p><p> -16% 0FF </p><p>$5.06</p><a href="https://www.amazon.com/dp/B0CMGJ6FRB?tag=eloabder-20&linkCode=osi&th=1&psc=1">View Product</a></div>
<div class="product"><a href="https://www.amazon.com/dp/B07VRYX57R?tag=eloabder-20&linkCode=osi&th=1&psc=1"><img src="https://m.media-amazon.com/images/I/410XbLRqukL._SL500_.jpg" alt="Product Image"></a><p>(24 Pack) Sticky Notes 3x3 in Post Bright Stickies Colorful Super Sticking Power Memo Pads, Strong Adhesive, 74 Sheets/pad</p><p> -35% 0FF </p><p>$16.99</p><a href="https://www.amazon.com/dp/B07VRYX57R?tag=eloabder-20&linkCode=osi&th=1&psc=1">View Product</a></div><div class="product"><a href="https://www.amazon.com/dp/B00QSR9PRI?tag=eloabder-20&linkCode=osi&th=1&psc=1"><img src="https://m.media-amazon.com/images/I/31n-YNlgraL._SL500_.jpg" alt="Product Image"></a><p>Amazon Basics Narrow Ruled Lined Writing Note Pad, 5 inch x 8 inch, White, 12 Count (12 Pack of 50 pages)</p><p> -6% 0FF </p><p>$8.78</p><a href="https://www.amazon.com/dp/B00QSR9PRI?tag=eloabder-20&linkCode=osi&th=1&psc=1">View Product</a></div><div class="product"><a href="https://www.amazon.com/dp/B0D5M4D3NN?tag=eloabder-20&linkCode=osi&th=1&psc=1"><img src="https://m.media-amazon.com/images/I/41uzPvHBCDL._SL500_.jpg" alt="Product Image"></a><p>(12 Pack) Lined Sticky Notes 4x6 in Ruled Stickies Super Sticking Power Memo Pads Bright Colors</p><p> -40% 0FF </p><p>$8.98</p><a href="https://www.amazon.com/dp/B0D5M4D3NN?tag=eloabder-20&linkCode=osi&th=1&psc=1">View Product</a></div><div class="product"><a href="https://www.amazon.com/dp/B0CQK3M5VK?tag=eloabder-20&linkCode=osi&th=1&psc=1"><img src="https://m.media-amazon.com/images/I/31jKEzc1qFL._SL500_.jpg" alt="Product Image"></a><p>Note Pads 4x6 Inch, 6 Pack Blank Scratch Pads, 50 Sheets Per Memo Pad for Writing, White Pad of Paper Suit for Home, Office and School, Tear off Notepad, Small Server Notebook</p><p> -10% 0FF </p><p>$6.29</p><a href="https://www.amazon.com/dp/B0CQK3M5VK?tag=eloabder-20&linkCode=osi&th=1&psc=1">View Product</a></div>
<div class="product"><a href="https://www.amazon.com/dp/B0F5D4VNBX?tag=eloabder-20&linkCode=osi&th=1&psc=1"><img src="https://m.media-amazon.com/images/I/41SnXbixNcL._SL500_.jpg" alt="Product Image"></a><p>Blue Sky 2026 Weekly and Monthly Planner Calendar, Includes January 2026 - December 2026, 5" x 8", Flexible Cover, Wirebound, Laminated Tabs, Enterprise</p><p> -10% 0FF </p><p>$8.99</p><a href="https://www.amazon.com/dp/B0F5D4VNBX?tag=eloabder-20&linkCode=osi&th=1&psc=1">View Product</a></div><div class="product"><a href="https://www.amazon.com/dp/B0FRNQDRCR?tag=eloabder-20&linkCode=osi&th=1&psc=1"><img src="https://m.media-amazon.com/images/I/51rBf1oJchL._SL500_.jpg" alt="Product Image"></a><p>Essential PRO 2026 Daily, Weekly & Monthly Planner, 7"x9": 14 Months (Nov 2025 - Dec 2026) Monthly Tabs,Daily Tracking,Notes Pages,Storage Pocket,Bookmark w Sticky Notes (Tree Seasons)</p><p> -14% 0FF </p><p>$29.95</p><a href="https://www.amazon.com/dp/B0FRNQDRCR?tag=eloabder-20&linkCode=osi&th=1&psc=1">View Product</a></div><div class="product"><a href="https://www.amazon.com/dp/B0DYBQWJ5S?tag=eloabder-20&linkCode=osi&th=1&psc=1"><img src="https://m.media-amazon.com/images/I/41UP6Ui7BjL._SL500_.jpg" alt="Product Image"></a><p>AT-A-GLANCE 2026 Appointment Book Planner, Weekly, 8" x 11", Large, Quarter-Hourly, DayMinder, Black (G5200026)</p><p> -45% 0FF </p><p>$15.87</p><a href="https://www.amazon.com/dp/B0DYBQWJ5S?tag=eloabder-20&linkCode=osi&th=1&psc=1">View Product</a></div><div class="product"><a href="https://www.amazon.com/dp/B0DJ8SXCR4?tag=eloabder-20&linkCode=osi&th=1&psc=1"><img src="https://m.media-amazon.com/images/I/41sRmmLvCsL._SL500_.jpg" alt="Product Image"></a><p>Planner 2025-2026, Weekly and Monthly Calendar Academic Planner (July 2025 - June 2026), Hardcover Teacher School Student Agenda with Tabs, Ideal for School Office Supplies, A5 (6.3" x 8.5") - Green</p><p> -25% 0FF </p><p>$8.99</p><a href="https://www.amazon.com/dp/B0DJ8SXCR4?tag=eloabder-20&linkCode=osi&th=1&psc=1">View Product</a></div><div class="product"><a href="https://www.amazon.com/dp/B0D2VW43KP?tag=eloabder-20&linkCode=osi&th=1&psc=1"><img src="https://m.media-amazon.com/images/I/41eyA1Q1U4L._SL500_.jpg" alt="Product Image"></a><p>Forvencer 2026 Planner, Hardcover Calendar Planner Weekly and Monthly, January 2026 - December 2026, 8.5" x 11", Spiral Agenda Book with Tabs, Exquisite Daily Journal with Inner Pocket, Organizer Notebook for Office Home School, A4 Size, Green</p><p> -41% 0FF </p><p>$9.99</p><a href="https://www.amazon.com/dp/B0D2VW43KP?tag=eloabder-20&linkCode=osi&th=1&psc=1">View Product</a></div>
<div class="product"><a href="https://www.amazon.com/dp/B0DYBYRY3R?tag=eloabder-20&linkCode=osi&th=1&psc=1"><img src="https://m.media-amazon.com/images/I/41oxPcKnCuL._SL500_.jpg" alt="Product Image"></a><p>AT-A-GLANCE 2026 Desk Calendar, Monthly, Desk Pad, 21-3/4" x 17", Large, Ruled Blocks (SK240026)</p><p> -19% 0FF </p><p>$11.89</p><a href="https://www.amazon.com/dp/B0DYBYRY3R?tag=eloabder-20&linkCode=osi&th=1&psc=1">View Product</a></div><div class="product"><a href="https://www.amazon.com/dp/B0DXQ416QR?tag=eloabder-20&linkCode=osi&th=1&psc=1"><img src="https://m.media-amazon.com/images/I/41o3YUjfIVL._SL500_.jpg" alt="Product Image"></a><p>Aesthetic 2025-2026 Wall Calendar - Runs from May 2025 Until December 2026 - The Perfect Modern Calendar Planner for Easy Organizing</p><p> -43% 0FF </p><p>$3.99</p><a href="https://www.amazon.com/dp/B0DXQ416QR?tag=eloabder-20&linkCode=osi&th=1&psc=1">View Product</a></div><div class="product"><a href="https://www.amazon.com/dp/B0CCRXKSK8?tag=eloabder-20&linkCode=osi&th=1&psc=1"><img src="https://m.media-amazon.com/images/I/51eOdkimr+L._SL500_.jpg" alt="Product Image"></a><p>SUNEE Wall Calendar 2025-2026 Large 22.75"x15.5", 21 Month Calendar from October 2025 to June 2027, Vertical Extra Large Monthly Calendar 2026 for Wall, Seasons Color</p><p> -24% 0FF </p><p>$15.19</p><a href="https://www.amazon.com/dp/B0CCRXKSK8?tag=eloabder-20&linkCode=osi&th=1&psc=1">View Product</a></div><div class="product"><a href="https://www.amazon.com/dp/B0F7HZ7C9G?tag=eloabder-20&linkCode=osi&th=1&psc=1"><img src="https://m.media-amazon.com/images/I/41rkKO18HGL._SL500_.jpg" alt="Product Image"></a><p>Beautiful 2025-2026 Wall Calendar - Runs from July 2025 until December 2026 – Large 14.5" x 11.5" Office Wall Calendar for Easy Organizing</p><p> -10% 0FF </p><p>$8.99</p><a href="https://www.amazon.com/dp/B0F7HZ7C9G?tag=eloabder-20&linkCode=osi&th=1&psc=1">View Product</a></div><div class="product"><a href="https://www.amazon.com/dp/B0DYDC7ZLV?tag=eloabder-20&linkCode=osi&th=1&psc=1"><img src="https://m.media-amazon.com/images/I/51MOLWJ45HL._SL500_.jpg" alt="Product Image"></a><p>XISIDO 2025-2026 Wall Calendar, Calendar 2025-2026, 18 Month Calendar July 2025 - December 2026, 14.8" X 11.5", Calendar with Twin-Wire Binding, Hanging Hook and Julian Dates (Seasonal Designs)</p><p> -20% 0FF </p><p>$7.99</p><a href="https://www.amazon.com/dp/B0DYDC7ZLV?tag=eloabder-20&linkCode=osi&th=1&psc=1">View Product</a></div><div class="product"><a href="https://www.amazon.com/dp/B0D2KCVBBD?tag=eloabder-20&linkCode=osi&th=1&psc=1"><img src="https://m.media-amazon.com/images/I/51Eg-3ZKZxL._SL500_.jpg" alt="Product Image"></a><p>XISIDO Calendar 2025-2026, 18 Months Wall Calendar July 2025 to Dec 2026 Calendar with Julian Dates, 11" X 8.5" (Colorful)</p><p> -33% 0FF </p><p>$3.99</p><a href="https://www.amazon.com/dp/B0D2KCVBBD?tag=eloabder-20&linkCode=osi&th=1&psc=1">View Product</a></div><div class="product"><a href="https://www.amazon.com/dp/B0DY7R9226?tag=eloabder-20&linkCode=osi&th=1&psc=1"><img src="https://m.media-amazon.com/images/I/41eTUjCfzFL._SL500_.jpg" alt="Product Image"></a><p>Lbylyhxc Wall Calendar 2025-2026 - Runs from July 2025 to December 2026-18 Monthly Calendar 2026. Thick Paper includes major holidays and dedicated space for notes and important dates (Colorful Calendar 2025-2026)</p><p> -50% 0FF </p><p>$2.49</p><a href="https://www.amazon.com/dp/B0DY7R9226?tag=eloabder-20&linkCode=osi&th=1&psc=1">View Product</a></div>
<div class="product"><a href="https://www.amazon.com/dp/B00NI5LVAW?tag=eloabder-20&linkCode=osi&th=1&psc=1"><img src="https://m.media-amazon.com/images/I/31X0RgqQ1ML._SL500_.jpg" alt="Product Image"></a><p>Pendaflex File Folders, Letter Size, 1/3 Cut, Manila, 250 per Box (752250)</p><p> -11% 0FF </p><p>$26.50</p><a href="https://www.amazon.com/dp/B00NI5LVAW?tag=eloabder-20&linkCode=osi&th=1&psc=1">View Product</a></div><div class="product"><a href="https://www.amazon.com/dp/B0D1YBFHS8?tag=eloabder-20&linkCode=osi&th=1&psc=1"><img src="https://m.media-amazon.com/images/I/41qkHxiS+vL._SL500_.jpg" alt="Product Image"></a><p>SUNEE File Folders, 30 Pack Manilla Folders 8.5 x 11, Colored File Folders Home Office School Supplies for Documents Files Paper, 6 Assorted Colors</p><p> -26% 0FF </p><p>$9.99</p><a href="https://www.amazon.com/dp/B0D1YBFHS8?tag=eloabder-20&linkCode=osi&th=1&psc=1">View Product</a></div><div class="product"><a href="https://www.amazon.com/dp/B000DZ9XGO?tag=eloabder-20&linkCode=osi&th=1&psc=1"><img src="https://m.media-amazon.com/images/I/31WKzTB-4WL._SL500_.jpg" alt="Product Image"></a><p>Oxford Two-Pocket Folders, Assorted Colors, Letter Size, 25 per box (57513)</p><p> -32% 0FF </p><p>$12.23</p><a href="https://www.amazon.com/dp/B000DZ9XGO?tag=eloabder-20&linkCode=osi&th=1&psc=1">View Product</a></div><div class="product"><a href="https://www.amazon.com/dp/B0F8H75MLS?tag=eloabder-20&linkCode=osi&th=1&psc=1"><img src="https://m.media-amazon.com/images/I/41GV18+8+zL._SL500_.jpg" alt="Product Image"></a><p>Plastic Folders with Pockets, 6 Pack Document Folders with Business Card Slot, 2 Pocket Folders Back to School Supplies for Kids, Office</p><p> -33% 0FF </p><p>$5.99</p><a href="https://www.amazon.com/dp/B0F8H75MLS?tag=eloabder-20&linkCode=osi&th=1&psc=1">View Product</a></div><div class="product"><a href="https://www.amazon.com/dp/B0CPDTKFVF?tag=eloabder-20&linkCode=osi&th=1&psc=1"><img src="https://m.media-amazon.com/images/I/41PQ8ToLyhL._SL500_.jpg" alt="Product Image"></a><p>Aegero Plastic Folders with Pockets (7 Pack, Assorted Colors), Durable Heavy Duty File Folders with Business Card Slot, 2-Pocket Folder for Schoolwork & Office,Letter Size…</p><p> -11% 0FF </p><p>$7.99</p><a href="https://www.amazon.com/dp/B0CPDTKFVF?tag=eloabder-20&linkCode=osi&th=1&psc=1">View Product</a></div>

<div class="product"><a href="https://www.amazon.com/dp/B0033J6V3A?tag=eloabder-20&linkCode=osi&th=1&psc=1"><img src="https://m.media-amazon.com/images/I/21o5ASbichL._SL500_.jpg" alt="Product Image"></a><p>NuSparc 2 Drawer Locking Filing Cabinet | Pre-Assembled Steel Construction | Space-Saving Design is Perfect for Home and Small Office | Letter-Size | Assembled in North America</p><p> -14% 0FF </p><p>$76.99</p><a href="https://www.amazon.com/dp/B0033J6V3A?tag=eloabder-20&linkCode=osi&th=1&psc=1">View Product</a></div><div class="product"><a href="https://www.amazon.com/dp/B0D9XYD75W?tag=eloabder-20&linkCode=osi&th=1&psc=1"><img src="https://m.media-amazon.com/images/I/31VM3xK++PL._SL500_.jpg" alt="Product Image"></a><p>BYNSOE 2 Drawer File Cabinet with Lock Vertical Filing Storage Cabinet Office Home Steel Vertical File Cabinets for Letter Size File Cabinet Locked,Assembly Required</p><p> -8% 0FF </p><p>$54.99</p><a href="https://www.amazon.com/dp/B0D9XYD75W?tag=eloabder-20&linkCode=osi&th=1&psc=1">View Product</a></div><div class="product"><a href="https://www.amazon.com/dp/B0989HLF81?tag=eloabder-20&linkCode=osi&th=1&psc=1"><img src="https://m.media-amazon.com/images/I/51vzgnkbcjL._SL500_.jpg" alt="Product Image"></a><p>DEVAISE 3 Drawer Mobile File Cabinet, Wood Lateral Filing Cabinet, Printer Stand with Open Shelves for Home Office, Rustic Brown</p><p> -21% 0FF </p><p>$74.99</p><a href="https://www.amazon.com/dp/B0989HLF81?tag=eloabder-20&linkCode=osi&th=1&psc=1">View Product</a></div>
<div class="product"><a href="https://www.amazon.com/dp/B00006RSQD?tag=eloabder-20&linkCode=osi&th=1&psc=1"><img src="https://m.media-amazon.com/images/I/315rez3KpeL._SL500_.jpg" alt="Product Image"></a><p>Bush Business Furniture Series C 36W Tall 5 Shelf Bookcase in Hansen Cherry, Large Storage and Display Bookshelf for Home or Professional Office</p><p> -8% 0FF </p><p>$239.49</p><a href="https://www.amazon.com/dp/B00006RSQD?tag=eloabder-20&linkCode=osi&th=1&psc=1">View Product</a></div>
<div class="product"><a href="https://www.amazon.com/dp/B09F6JPYSY?tag=eloabder-20&linkCode=osi&th=1&psc=1"><img src="https://m.media-amazon.com/images/I/51fGLH7lhHL._SL500_.jpg" alt="Product Image"></a><p>SPACELEAD Slim Storage Cart 3 Tier,Bathroom Organizer Rolling Utility,Mobile Shelving Unit Slide Out for Office, Kitchen, Laundry Room & Narrow Places,Black</p><p> -30% 0FF </p><p>$20.99</p><a href="https://www.amazon.com/dp/B09F6JPYSY?tag=eloabder-20&linkCode=osi&th=1&psc=1">View Product</a></div><div class="product"><a href="https://www.amazon.com/dp/B08KFTVGQY?tag=eloabder-20&linkCode=osi&th=1&psc=1"><img src="https://m.media-amazon.com/images/I/51BjUEmGaiL._SL500_.jpg" alt="Product Image"></a><p>SONGMICS Cube Storage Organizer, Set of 16 Plastic Cubes, Closet Organizers and Storage, Room Organization, Bedroom Living Room, 12.2 x 48.4 x 48.4 Inches, Rustic Brown ULPC442A01</p><p> -15% 0FF </p><p>$46.99</p><a href="https://www.amazon.com/dp/B08KFTVGQY?tag=eloabder-20&linkCode=osi&th=1&psc=1">View Product</a></div><div class="product"><a href="https://www.amazon.com/dp/B0DG359YX5?tag=eloabder-20&linkCode=osi&th=1&psc=1"><img src="https://m.media-amazon.com/images/I/41OBXL4HJdL._SL500_.jpg" alt="Product Image"></a><p>VIVO Clamp-on 13 inch Above or Below Desk 2-Tier Shelving Unit for Table Accessories, Gaming Devices, and More, Storage Tray, Desktop Organizer, Rustic Vintage Brown, STAND-SHELF2C-N</p><p> -20% 0FF </p><p>$39.99</p><a href="https://www.amazon.com/dp/B0DG359YX5?tag=eloabder-20&linkCode=osi&th=1&psc=1">View Product</a></div><div class="product"><a href="https://www.amazon.com/dp/B0D7S5GGP6?tag=eloabder-20&linkCode=osi&th=1&psc=1"><img src="https://m.media-amazon.com/images/I/51EriWG2BLL._SL500_.jpg" alt="Product Image"></a><p>C&AHOME Wire Cube Storage, 9 - Cube Organizer Metal C Grids, Modular Shelves Units, Closet Organizer, Ideal for Home, Office, Living Room, 36.6”L x 12.4”W x 48.4”H, Silver Gray UWCS3009G</p><p> -33% 0FF </p><p>$28.87</p><a href="https://www.amazon.com/dp/B0D7S5GGP6?tag=eloabder-20&linkCode=osi&th=1&psc=1">View Product</a></div>
<div class="product"><a href="https://www.amazon.com/dp/B0B1M6ML2J?tag=eloabder-20&linkCode=osi&th=1&psc=1"><img src="https://m.media-amazon.com/images/I/51pX2Qo38JL._SL500_.jpg" alt="Product Image"></a><p>WOWBOX 25 PCS Clear Plastic Drawer Organizer Set, 4 Sizes Desk Drawer Divider Organizers and Storage Bins for Makeup, Jewelry, Gadgets for Kitchen, Bedroom, Bathroom, Office</p><p> -35% 0FF </p><p>$16.13 ($0.65 / Count)</p><a href="https://www.amazon.com/dp/B0B1M6ML2J?tag=eloabder-20&linkCode=osi&th=1&psc=1">View Product</a></div><div class="product"><a href="https://www.amazon.com/dp/B0DB8F7GDN?tag=eloabder-20&linkCode=osi&th=1&psc=1"><img src="https://m.media-amazon.com/images/I/51iOtKHzvCL._SL500_.jpg" alt="Product Image"></a><p>OPNICE Desk Organizer and Accessories, 2-Tier Computer Monitor Stand Riser with Drawer and 2 Pen Holders, Laptop Stand, Office Desk Accessories for Office Supplies, Black</p><p> -27% 0FF </p><p>$21.99</p><a href="https://www.amazon.com/dp/B0DB8F7GDN?tag=eloabder-20&linkCode=osi&th=1&psc=1">View Product</a></div><div class="product"><a href="https://www.amazon.com/dp/B0FQ86P4M3?tag=eloabder-20&linkCode=osi&th=1&psc=1"><img src="https://m.media-amazon.com/images/I/41ZDdyGnPxL._SL500_.jpg" alt="Product Image"></a><p>Mind Reader 2-Tier Desk Organizer with Clamp, Accessory Shelf for Office or Gaming, Office, Metal, White</p><p> -5% 0FF </p><p>$37.99</p><a href="https://www.amazon.com/dp/B0FQ86P4M3?tag=eloabder-20&linkCode=osi&th=1&psc=1">View Product</a></div><div class="product"><a href="https://www.amazon.com/dp/B0BYDGF8DT?tag=eloabder-20&linkCode=osi&th=1&psc=1"><img src="https://m.media-amazon.com/images/I/51sE2GzgVNL._SL500_.jpg" alt="Product Image"></a><p>OPNICE Desk Organizer and Accessories, 4-Tier Desktop File Organizer with Drawer and 2 Pen Holders, Office Desk Accessories, Workspace Organizers for Office Supplies(Black)</p><p> -33% 0FF </p><p>$19.99</p><a href="https://www.amazon.com/dp/B0BYDGF8DT?tag=eloabder-20&linkCode=osi&th=1&psc=1">View Product</a></div><div class="product"><a href="https://www.amazon.com/dp/B0DJKSMV2T?tag=eloabder-20&linkCode=osi&th=1&psc=1"><img src="https://m.media-amazon.com/images/I/41gO3CCIg1L._SL500_.jpg" alt="Product Image"></a><p>gianotter Dual Monitor Stand Riser, Desk Organizer With Drawer and 2 Pen Holders, Computer Monitor Stand, Shelf for Top of Desk, Black</p><p> -28% 0FF </p><p>$25.99</p><a href="https://www.amazon.com/dp/B0DJKSMV2T?tag=eloabder-20&linkCode=osi&th=1&psc=1">View Product</a></div><div class="product"><a href="https://www.amazon.com/dp/B0BWTT3WK1?tag=eloabder-20&linkCode=osi&th=1&psc=1"><img src="https://m.media-amazon.com/images/I/51JTe2SjicL._SL500_.jpg" alt="Product Image"></a><p>gianotter Desk Organizers and Accessories with File Holder, 4-Tier Desk Accessories & Workspace Organizers with Drawer and 2 Pen Holder, Paper Organizer for Office Supplies (Rose Gold)</p><p> -27% 0FF </p><p>$23.99</p><a href="https://www.amazon.com/dp/B0BWTT3WK1?tag=eloabder-20&linkCode=osi&th=1&psc=1">View Product</a></div><div class="product"><a href="https://www.amazon.com/dp/B09QKDY1YY?tag=eloabder-20&linkCode=osi&th=1&psc=1"><img src="https://m.media-amazon.com/images/I/519UVM73B6L._SL500_.jpg" alt="Product Image"></a><p>Supeasy 5 Trays Paper Organizer Letter Tray with Handle-Mesh Desk File Organizer, Paper Sorter Desk Organizer for Office, Home or School</p><p> -17% 0FF </p><p>$19.99</p><a href="https://www.amazon.com/dp/B09QKDY1YY?tag=eloabder-20&linkCode=osi&th=1&psc=1">View Product</a></div><div class="product"><a href="https://www.amazon.com/dp/B08PBFKGJG?tag=eloabder-20&linkCode=osi&th=1&psc=1"><img src="https://m.media-amazon.com/images/I/61WfW0WLsqL._SL500_.jpg" alt="Product Image"></a><p>Marbrasse 6 Tier Paper Organizer Letter Tray - Mesh Desk File Organizer with Handle, Paper Sorter Organizer for Letter/A4 Office File Folder Holder - Black</p><p> -23% 0FF </p><p>$19.98</p><a href="https://www.amazon.com/dp/B08PBFKGJG?tag=eloabder-20&linkCode=osi&th=1&psc=1">View Product</a></div><div class="product"><a href="https://www.amazon.com/dp/B09K5927B5?tag=eloabder-20&linkCode=osi&th=1&psc=1"><img src="https://m.media-amazon.com/images/I/51u5tZ4jR6L._SL500_.jpg" alt="Product Image"></a><p>Marbrasse Desk Organizer with File Holder, 5-Tier Paper Letter Tray Organizer with Drawer and 2 Pen Holder, Mesh Desktop Organizer and Storage with Magazine Holder for Office Supplies(Black)</p><p> -24% 0FF </p><p>$33.99</p><a href="https://www.amazon.com/dp/B09K5927B5?tag=eloabder-20&linkCode=osi&th=1&psc=1">View Product</a></div>
<div class="product"><a href="https://www.amazon.com/dp/B0CNXF7SVS?tag=eloabder-20&linkCode=osi&th=1&psc=1"><img src="https://m.media-amazon.com/images/I/51a6EswyTZL._SL500_.jpg" alt="Product Image"></a><p>Manalete Drawer Organizers Set of 15, 4 Sizes Clear Plastic Drawer Organizers and Storage Bins for Kitchen, Bathroom, Office, Dresser Desk Drawer Organizer Tray for Jewelry, Makeup, Junk, Gadgets</p><p> -29% 0FF </p><p>$9.99</p><a href="https://www.amazon.com/dp/B0CNXF7SVS?tag=eloabder-20&linkCode=osi&th=1&psc=1">View Product</a></div><div class="product"><a href="https://www.amazon.com/dp/B0CCY5X6SS?tag=eloabder-20&linkCode=osi&th=1&psc=1"><img src="https://m.media-amazon.com/images/I/41Iye-vPXJL._SL500_.jpg" alt="Product Image"></a><p>Bamboo Drawer Organizer Set, 5 PCS Multi-Use Individual Wood Storage Organizers, Junk Drawer Divider and Storage Trays Containers for Kitchen, Bathroom, Office Desk, Makeup, Jewelry, Utensils</p><p> -20% 0FF </p><p>$19.99 ($4.00 / Count)</p><a href="https://www.amazon.com/dp/B0CCY5X6SS?tag=eloabder-20&linkCode=osi&th=1&psc=1">View Product</a></div><div class="product"><a href="https://www.amazon.com/dp/B0CCDJQ7MM?tag=eloabder-20&linkCode=osi&th=1&psc=1"><img src="https://m.media-amazon.com/images/I/51kU0WJxdsL._SL500_.jpg" alt="Product Image"></a><p>Marbrasse Expandable Desk Drawer Organizer, Mesh Drawer Organizer Tray with 10 Adjustable Compartments, Desk Organizers and Accessories, 5 Dividers Drawer for Office Supplies, Makeup & Vanity (Black)</p><p> -15% 0FF </p><p>$17.84</p><a href="https://www.amazon.com/dp/B0CCDJQ7MM?tag=eloabder-20&linkCode=osi&th=1&psc=1">View Product</a></div><div class="product"><a href="https://www.amazon.com/dp/B0DM27MBZN?tag=eloabder-20&linkCode=osi&th=1&psc=1"><img src="https://m.media-amazon.com/images/I/41hAfSMnrZL._SL500_.jpg" alt="Product Image"></a><p>ElegantArray 12 PCS Drawer Organizer Set, 4 Sizes Storage Drawer Units, Clear Plastic Makeup Vanity Organizer and Storage Bins for Makeup, Stationeries, Multiple Gadgets for Bathroom, Office, Bedroom</p><p> -31% 0FF </p><p>$8.99</p><a href="https://www.amazon.com/dp/B0DM27MBZN?tag=eloabder-20&linkCode=osi&th=1&psc=1">View Product</a></div>
<div class="product"><a href="https://www.amazon.com/dp/B0C4T42TPC?tag=eloabder-20&linkCode=osi&th=1&psc=1"><img src="https://m.media-amazon.com/images/I/318IsyAsPXL._SL500_.jpg" alt="Product Image"></a><p>Adjustable Mobile CPU Stand, Ventilated Computer Tower Stand with 4 Caster Wheels Fits Most PC Tower, Under Desk CPU Holder PC Floor Cart Computer Riser for Gamers and Students (Black)</p><p> -21% 0FF </p><p>$14.21</p><a href="https://www.amazon.com/dp/B0C4T42TPC?tag=eloabder-20&linkCode=osi&th=1&psc=1">View Product</a></div><div class="product"><a href="https://www.amazon.com/dp/B094QTGHNZ?tag=eloabder-20&linkCode=osi&th=1&psc=1"><img src="https://m.media-amazon.com/images/I/31VzBQ+jwWL._SL500_.jpg" alt="Product Image"></a><p>WALI Computer Monitor Stand for Desk, Adjustable Laptop Riser, Desk Monitor Stand Underneath Storage for Office, Home, School Supplies (STT003), 1 Pack, Black</p><p> -32% 0FF </p><p>$16.99</p><a href="https://www.amazon.com/dp/B094QTGHNZ?tag=eloabder-20&linkCode=osi&th=1&psc=1">View Product</a></div><div class="product"><a href="https://www.amazon.com/dp/B07H4DMLVH?tag=eloabder-20&linkCode=osi&th=1&psc=1"><img src="https://m.media-amazon.com/images/I/31eTfKhpSWL._SL500_.jpg" alt="Product Image"></a><p>HUANUO Monitor Stand, Monitor Stand Riser 3 Height Adjustable, Monitor Riser with Airflow Vents, Laptop Stand for Desk, Laptop Riser, Desk Organizer for Monitor, 15.6" Laptop, PC, Printer</p><p> -11% 0FF </p><p>$15.19</p><a href="https://www.amazon.com/dp/B07H4DMLVH?tag=eloabder-20&linkCode=osi&th=1&psc=1">View Product</a></div><div class="product"><a href="https://www.amazon.com/dp/B0D69W6H91?tag=eloabder-20&linkCode=osi&th=1&psc=1"><img src="https://m.media-amazon.com/images/I/51rQI+gi3lL._SL500_.jpg" alt="Product Image"></a><p>JANE EYRE Computer Tower Stand - Adjustable PC Tower Stand CPU Holder Cart with Charging Station for Office Home Classroom,23.03"-28.3" H, black</p><p> -10% 0FF </p><p>$53.99</p><a href="https://www.amazon.com/dp/B0D69W6H91?tag=eloabder-20&linkCode=osi&th=1&psc=1">View Product</a></div><div class="product"><a href="https://www.amazon.com/dp/B0C4T34L9Y?tag=eloabder-20&linkCode=osi&th=1&psc=1"><img src="https://m.media-amazon.com/images/I/51BNMGXNOEL._SL500_.jpg" alt="Product Image"></a><p>BONTEC Wooden Monitor Stand Riser, 2-Tier Desk Shelf with Storage Organizer, Ergonomic Computer Stand with Cable Management, Cellphone Holder, White, 16.5 Inch</p><p> -33% 0FF </p><p>$18.04</p><a href="https://www.amazon.com/dp/B0C4T34L9Y?tag=eloabder-20&linkCode=osi&th=1&psc=1">View Product</a></div><div class="product"><a href="https://www.amazon.com/dp/B08BRCT4JH?tag=eloabder-20&linkCode=osi&th=1&psc=1"><img src="https://m.media-amazon.com/images/I/41Ga6A+cXbL._SL500_.jpg" alt="Product Image"></a><p>BESIGN LS03 Aluminum Laptop Stand, Ergonomic Detachable Computer Stand, Notebook Riser Compatible with Air, Pro, Dell, HP, Lenovo More 10-15.6" Laptops, Silver</p><p> -25% 0FF </p><p>$14.98</p><a href="https://www.amazon.com/dp/B08BRCT4JH?tag=eloabder-20&linkCode=osi&th=1&psc=1">View Product</a></div>
<div class="product"><a href="https://www.amazon.com/dp/B07Q79ZZJ6?tag=eloabder-20&linkCode=osi&th=1&psc=1"><img src="https://m.media-amazon.com/images/I/31-LBzENQIL._SL500_.jpg" alt="Product Image"></a><p>Single LCD Computer Monitor Free-Standing Desk Stand Mount Riser for 13 inch to 32 inch screen with Swivel, Height Adjustable, Rotation, Vesa Base Stand Holds One (1) Screen up to 77Lbs(HT05B-001))</p><p> -34% 0FF </p><p>$21.99</p><a href="https://www.amazon.com/dp/B07Q79ZZJ6?tag=eloabder-20&linkCode=osi&th=1&psc=1">View Product</a></div><div class="product"><a href="https://www.amazon.com/dp/B082845XM8?tag=eloabder-20&linkCode=osi&th=1&psc=1"><img src="https://m.media-amazon.com/images/I/41uRH1B7HgL._SL500_.jpg" alt="Product Image"></a><p>Dual Monitor Stand - Vertical Stack Screen Free-Standing Monitor Riser Fits Two 13 to 34 Inch Screen with Swivel, Tilt, Height Adjustable, Holds One (1) Screen Up to 44Lbs</p><p> -5% 0FF </p><p>$31.56</p><a href="https://www.amazon.com/dp/B082845XM8?tag=eloabder-20&linkCode=osi&th=1&psc=1">View Product</a></div><div class="product"><a href="https://www.amazon.com/dp/B00X4SCCFG?tag=eloabder-20&linkCode=osi&th=1&psc=1"><img src="https://m.media-amazon.com/images/I/21X2klzUZGL._SL500_.jpg" alt="Product Image"></a><p>Amazon Basics Height Adjustable Rectangular Computer Monitor Riser Desk Stand with Storage for Reduced Neck Strain - Fits Monitors, Laptops Up to 22lbs, Black</p><p> -35% 0FF </p><p>$14.06</p><a href="https://www.amazon.com/dp/B00X4SCCFG?tag=eloabder-20&linkCode=osi&th=1&psc=1">View Product</a></div>
<div class="product"><a href="https://www.amazon.com/dp/B07HFDJCSL?tag=eloabder-20&linkCode=osi&th=1&psc=1"><img src="https://m.media-amazon.com/images/I/41DR7qY1naL._SL500_.jpg" alt="Product Image"></a><p>VIVO Large Keyboard Tray Under Desk Pull Out with Extra Sturdy C Clamp Mount System, 27 (33 Including Clamps) x 11 Inch Slide-Out Platform Computer Drawer for Typing, Black, MOUNT-KB05E</p><p> -17% 0FF </p><p>$49.99</p><a href="https://www.amazon.com/dp/B07HFDJCSL?tag=eloabder-20&linkCode=osi&th=1&psc=1">View Product</a></div><div class="product"><a href="https://www.amazon.com/dp/B082NKBM62?tag=eloabder-20&linkCode=osi&th=1&psc=1"><img src="https://m.media-amazon.com/images/I/41qQ3p9-mrL._SL500_.jpg" alt="Product Image"></a><p>HUANUO Keyboard Tray Under Desk, 360 Adjustable Ergonomic Sliding Keyboard & Mouse Tray, Under Desk Keyboard Tray Slide Out, Keyboard Holder Under Desk for Typing in Home, Office Work, 25"W x 9.84"D</p><p> -33% 0FF </p><p>$59.98</p><a href="https://www.amazon.com/dp/B082NKBM62?tag=eloabder-20&linkCode=osi&th=1&psc=1">View Product</a></div><div class="product"><a href="https://www.amazon.com/dp/B0F23GTKHL?tag=eloabder-20&linkCode=osi&th=1&psc=1"><img src="https://m.media-amazon.com/images/I/41dmHoeznDL._SL500_.jpg" alt="Product Image"></a><p>Zontera Ergonomic Mouse & Keyboard Tray Under Desk, Pull Out with Adjustable C-clamp, 20 (25.9 Including Clamps) x 11.8 Inch Slide Out Computer Keyboard Drawer Mouse Tray for Typing, Black</p><p> -7% 0FF </p><p>$25.99</p><a href="https://www.amazon.com/dp/B0F23GTKHL?tag=eloabder-20&linkCode=osi&th=1&psc=1">View Product</a></div><div class="product"><a href="https://www.amazon.com/dp/B01IIGMBVI?tag=eloabder-20&linkCode=osi&th=1&psc=1"><img src="https://m.media-amazon.com/images/I/21Vw8003F0L._SL500_.jpg" alt="Product Image"></a><p>Alera ALE Valencia Series Underdesk Keyboard/Mouse Shelf, 28w x 12d, Black</p><p> -50% 0FF </p><p>$29.22</p><a href="https://www.amazon.com/dp/B01IIGMBVI?tag=eloabder-20&linkCode=osi&th=1&psc=1">View Product</a></div>
<div class="product"><a href="https://www.amazon.com/dp/B07C3XZMC6?tag=eloabder-20&linkCode=osi&th=1&psc=1"><img src="https://m.media-amazon.com/images/I/31Eojf7glwL._SL500_.jpg" alt="Product Image"></a><p>JIKIOU 3 Pack Mouse Pad with Stitched Edge, Comfortable Mouse Pads with Non-Slip Rubber Base, Washable Mousepads Bulk with Comfortable Cloth, Mouse Pads for Computers Laptop Mouse 10.2x8.3inch Black</p><p> -29% 0FF </p><p>$7.99</p><a href="https://www.amazon.com/dp/B07C3XZMC6?tag=eloabder-20&linkCode=osi&th=1&psc=1">View Product</a></div><div class="product"><a href="https://www.amazon.com/dp/B085XRMSTT?tag=eloabder-20&linkCode=osi&th=1&psc=1"><img src="https://m.media-amazon.com/images/I/31aDSI0sFoL._SL500_.jpg" alt="Product Image"></a><p>EooCoo Ergonomic Mouse Pad with Wrist Support, Mousepad with Memory Foam Wrist Rest and Non-Slip Base for Computer, Cafe, Home & Office, 9.64 x 8.26 in Office Desk Accessories</p><p> -36% 0FF </p><p>$6.99</p><a href="https://www.amazon.com/dp/B085XRMSTT?tag=eloabder-20&linkCode=osi&th=1&psc=1">View Product</a></div>
<div class="product"><a href="https://www.amazon.com/dp/B0BRCJL4MM?tag=eloabder-20&linkCode=osi&th=1&psc=1"><img src="https://m.media-amazon.com/images/I/41sggzaNbPL._SL500_.jpg" alt="Product Image"></a><p>Led Desk Lamp for Office Home - Eye Caring Architect lamp with Clamp,Dual Screen Computer Monitor Gooseneck Smart Light: 24W 5 Color Flexible Adjustable Lighting Table Lamp for Study Drafting</p><p> -13% 0FF </p><p>$69.99</p><a href="https://www.amazon.com/dp/B0BRCJL4MM?tag=eloabder-20&linkCode=osi&th=1&psc=1">View Product</a></div><div class="product"><a href="https://www.amazon.com/dp/B0BNHNG5CY?tag=eloabder-20&linkCode=osi&th=1&psc=1"><img src="https://m.media-amazon.com/images/I/51ccmdZe2YL._SL500_.jpg" alt="Product Image"></a><p>Micomlan Led Desk Lamp with Clamp, Architect Desk Lamp for Home Office with Atmosphere Lighting, 24W Ultra Bright Auto Dimming Computer Light Stepless Dimming and Tempering LED Table Light</p><p> -27% 0FF </p><p>$49.99</p><a href="https://www.amazon.com/dp/B0BNHNG5CY?tag=eloabder-20&linkCode=osi&th=1&psc=1">View Product</a></div><div class="product"><a href="https://www.amazon.com/dp/B078W61H9P?tag=eloabder-20&linkCode=osi&th=1&psc=1"><img src="https://m.media-amazon.com/images/I/31aebwb3nqL._SL500_.jpg" alt="Product Image"></a><p>LEPOWER Metal Desk Lamp, Eye-Caring Table Lamp, Study Lamps with Flexible Goose Neck for Bedroom, Home Office (Matte Black)</p><p> -24% 0FF </p><p>$24.99</p><a href="https://www.amazon.com/dp/B078W61H9P?tag=eloabder-20&linkCode=osi&th=1&psc=1">View Product</a></div><div class="product"><a href="https://www.amazon.com/dp/B0D1DLY4H4?tag=eloabder-20&linkCode=osi&th=1&psc=1"><img src="https://m.media-amazon.com/images/I/41sKiuSIwRL._SL500_.jpg" alt="Product Image"></a><p>SKYLEO Led Desk Lamp - Desk Light for 31.5" Tall - 5 Color Modes X 11 Brightness Levels - Adjustable Swing Arm - Timmer & Memory Function - 12W Lamp for Desk - Black</p><p> -23% 0FF </p><p>$19.99</p><a href="https://www.amazon.com/dp/B0D1DLY4H4?tag=eloabder-20&linkCode=osi&th=1&psc=1">View Product</a></div><div class="product"><a href="https://www.amazon.com/dp/B0D2LGK82V?tag=eloabder-20&linkCode=osi&th=1&psc=1"><img src="https://m.media-amazon.com/images/I/41UpQ-qygDL._SL500_.jpg" alt="Product Image"></a><p>Addtam LED Desk Lamp, Power Strip with 3 Outlets 4 USB Charging Ports(2 USBC), 4 Modes 5 Level Brightness Touch Lamp, Small Desk Lamp for Home Office College Dorm Room Essentials</p><p> -23% 0FF </p><p>$16.99</p><a href="https://www.amazon.com/dp/B0D2LGK82V?tag=eloabder-20&linkCode=osi&th=1&psc=1">View Product</a></div><div class="product"><a href="https://www.amazon.com/dp/B08LMTQ7ZF?tag=eloabder-20&linkCode=osi&th=1&psc=1"><img src="https://m.media-amazon.com/images/I/21vKPX2KHML._SL500_.jpg" alt="Product Image"></a><p>Lepro LED Desk Lamp for Home Office, 9.5W 750LM Metal Touch Control Desk Light, 5 Color Modes 5 Brightness Level, Eye Caring Task Lamp For Reading, Sewing, Crafts, School Supplies, Puzzle Light, Black</p><p> -13% 0FF </p><p>$24.99</p><a href="https://www.amazon.com/dp/B08LMTQ7ZF?tag=eloabder-20&linkCode=osi&th=1&psc=1">View Product</a></div>
<div class="product"><a href="https://www.amazon.com/dp/B0D7BXNDP4?tag=eloabder-20&linkCode=osi&th=1&psc=1"><img src="https://m.media-amazon.com/images/I/41DuEunZ1+L._SL500_.jpg" alt="Product Image"></a><p>Monitor Fan with Clamp & Light Bar Desk Lamp with fan for Office mini Desk fan small quiet with lamp for PC Laptops Tablet for Home Office Portable Working Reading Stand Lamp</p><p> -5% 0FF </p><p>$15.19</p><a href="https://www.amazon.com/dp/B0D7BXNDP4?tag=eloabder-20&linkCode=osi&th=1&psc=1">View Product</a></div><div class="product"><a href="https://www.amazon.com/dp/B07K1D41DC?tag=eloabder-20&linkCode=osi&th=1&psc=1"><img src="https://m.media-amazon.com/images/I/310MAouNV-L._SL500_.jpg" alt="Product Image"></a><p>OttLite Cool Breeze LED Lamp with Bladeless Fan - 3 Speed Options & 5 Brightness Settings with Energy Efficient Natural Daylight LEDs - Desktop, Table or Nightstand Lamp for Studying or Reading</p><p> -14% 0FF </p><p>$89.98</p><a href="https://www.amazon.com/dp/B07K1D41DC?tag=eloabder-20&linkCode=osi&th=1&psc=1">View Product</a></div>
<div class="product"><a href="https://www.amazon.com/dp/B0CXSXL1F2?tag=eloabder-20&linkCode=osi&th=1&psc=1"><img src="https://m.media-amazon.com/images/I/41H6cndt7iL._SL500_.jpg" alt="Product Image"></a><p>9 Pack Lined Sticky Notes 4x6 in Post Sticky Notes with Lines, 9 Bright Colors Self Sticky Notes Pad Its, Large Ruled Sticky Note for Office, Home, 35 Sheets/Pad</p><p> -33% 0FF </p><p>$7.99</p><a href="https://www.amazon.com/dp/B0CXSXL1F2?tag=eloabder-20&linkCode=osi&th=1&psc=1">View Product</a></div><div class="product"><a href="https://www.amazon.com/dp/B019QROV9S?tag=eloabder-20&linkCode=osi&th=1&psc=1"><img src="https://m.media-amazon.com/images/I/51OsStyntzL._SL500_.jpg" alt="Product Image"></a><p>Sharpie Clear View Highlighter Sticks, Chisel Tip, Assorted Fluorescent, 8 Count - School, Home, and Office Use, Teacher Supplies</p><p> -23% 0FF </p><p>$13.86</p><a href="https://www.amazon.com/dp/B019QROV9S?tag=eloabder-20&linkCode=osi&th=1&psc=1">View Product</a></div>
<div class="product"><a href="https://www.amazon.com/dp/B082PN4X5J?tag=eloabder-20&linkCode=osi&th=1&psc=1"><img src="https://m.media-amazon.com/images/I/51o+eA8g6nL._SL500_.jpg" alt="Product Image"></a><p>Sharpie S-Gel Gel Pens, Black Barrel, Medium Point (0.7mm), Black Gel Ink Pens, 12 Count - Home, Office, School, Journaling, Writing, Note-Taking, Teacher Supplies</p><p> -14% 0FF </p><p>$11.97</p><a href="https://www.amazon.com/dp/B082PN4X5J?tag=eloabder-20&linkCode=osi&th=1&psc=1">View Product</a></div><div class="product"><a href="https://www.amazon.com/dp/B0C9W8DD9S?tag=eloabder-20&linkCode=osi&th=1&psc=1"><img src="https://m.media-amazon.com/images/I/41mdSvEwNZL._SL500_.jpg" alt="Product Image"></a><p>Ddaowanx Gel Pens, 6 Pcs 0.5mm Quick Dry Black Ink Pens Fine Point Smooth Writing Pens, Cute Office School Supplies Gifts for Women</p><p> -10% 0FF </p><p>$8.99</p><a href="https://www.amazon.com/dp/B0C9W8DD9S?tag=eloabder-20&linkCode=osi&th=1&psc=1">View Product</a></div><div class="product"><a href="https://www.amazon.com/dp/B019QBOG3U?tag=eloabder-20&linkCode=osi&th=1&psc=1"><img src="https://m.media-amazon.com/images/I/416PjSebDoL._SL500_.jpg" alt="Product Image"></a><p>Paper Mate Colorful Gel Pens - InkJoy Gel Pens Assorted Medium Point (0.7). Perfect for Vibrant Colored Writing and Sketching with Paper Mate InkJoy 14 Count</p><p> -18% 0FF </p><p>$10.31</p><a href="https://www.amazon.com/dp/B019QBOG3U?tag=eloabder-20&linkCode=osi&th=1&psc=1">View Product</a></div><div class="product"><a href="https://www.amazon.com/dp/B0C73JDN4S?tag=eloabder-20&linkCode=osi&th=1&psc=1"><img src="https://m.media-amazon.com/images/I/51DJUUxL7HL._SL500_.jpg" alt="Product Image"></a><p>Linbsunne Ballpoint Pens Black Medium Point 1mm Pen with Super Soft Grip Ball Point Pen for Men Women Retractable Pens (gold-12 pcs)</p><p> -10% 0FF </p><p>$8.99</p><a href="https://www.amazon.com/dp/B0C73JDN4S?tag=eloabder-20&linkCode=osi&th=1&psc=1">View Product</a></div><div class="product"><a href="https://www.amazon.com/dp/B001OTA66O?tag=eloabder-20&linkCode=osi&th=1&psc=1"><img src="https://m.media-amazon.com/images/I/41yS5tBZQLL._SL500_.jpg" alt="Product Image"></a><p>BIC Glide Black Retractable Ballpoint Pens, Medium Point (1.0mm), 4-Count Pack, Ultra Smooth Writing Black Pens</p><p> -40% 0FF </p><p>$2.99</p><a href="https://www.amazon.com/dp/B001OTA66O?tag=eloabder-20&linkCode=osi&th=1&psc=1">View Product</a></div>
<div class="product"><a href="https://www.amazon.com/dp/B002HVXXCW?tag=eloabder-20&linkCode=osi&th=1&psc=1"><img src="https://m.media-amazon.com/images/I/41JeEedXCeL._SL500_.jpg" alt="Product Image"></a><p>Ticonderoga Wood-Cased Pencils, Pre-Sharpened, 2 HB Soft, Yellow, 10 Count</p><p> -58% 0FF </p><p>$2.49</p><a href="https://www.amazon.com/dp/B002HVXXCW?tag=eloabder-20&linkCode=osi&th=1&psc=1">View Product</a></div><div class="product"><a href="https://www.amazon.com/dp/B077Q4B6YN?tag=eloabder-20&linkCode=osi&th=1&psc=1"><img src="https://m.media-amazon.com/images/I/4160YcHGDNL._SL500_.jpg" alt="Product Image"></a><p>Paper Mate 2017483 Mechanical Pencils for Handwriting, Triangular, 5/PK, AST</p><p> -45% 0FF </p><p>$3.47</p><a href="https://www.amazon.com/dp/B077Q4B6YN?tag=eloabder-20&linkCode=osi&th=1&psc=1">View Product</a></div>
<div class="product"><a href="https://www.amazon.com/dp/B0D7YTZNRF?tag=eloabder-20&linkCode=osi&th=1&psc=1"><img src="https://m.media-amazon.com/images/I/41hSbSlNAmL._SL500_.jpg" alt="Product Image"></a><p>YASNAY Alcohol Markers, 48 Colors Dual Tip Art Marker, Drawing Markers, Coloring Marker for Kids Sketching Adult Coloring</p><p> -27% 0FF </p><p>$10.99</p><a href="https://www.amazon.com/dp/B0D7YTZNRF?tag=eloabder-20&linkCode=osi&th=1&psc=1">View Product</a></div><div class="product"><a href="https://www.amazon.com/dp/B07CJ8QXF8?tag=eloabder-20&linkCode=osi&th=1&psc=1"><img src="https://m.media-amazon.com/images/I/51bChi4-H4L._SL500_.jpg" alt="Product Image"></a><p>Dual Markers Brush Pens, 36 Fine Point Art Marker, Double Tip Colored Pen for Adult Coloring Hand Lettering, School Classroom Art Suppliers</p><p> -20% 0FF </p><p>$7.98</p><a href="https://www.amazon.com/dp/B07CJ8QXF8?tag=eloabder-20&linkCode=osi&th=1&psc=1">View Product</a></div><div class="product"><a href="https://www.amazon.com/dp/B071CP6X88?tag=eloabder-20&linkCode=osi&th=1&psc=1"><img src="https://m.media-amazon.com/images/I/41sNeEYkTNL._SL500_.jpg" alt="Product Image"></a><p>Crayola Super Tips Marker Set for Kids (100ct), Broad Tip & Fine Point Washable Art Markers for Kids, Bulk School Supplies, Teacher Classroom Must Haves, Drawing Supplies</p><p> -19% 0FF </p><p>$16.29</p><a href="https://www.amazon.com/dp/B071CP6X88?tag=eloabder-20&linkCode=osi&th=1&psc=1">View Product</a></div><div class="product"><a href="https://www.amazon.com/dp/B08MBFPFCQ?tag=eloabder-20&linkCode=osi&th=1&psc=1"><img src="https://m.media-amazon.com/images/I/51DaGL7Z4oL._SL500_.jpg" alt="Product Image"></a><p>Sharpie Permanent Markers Variety Pack, Includes Chisel, Fine, and Ultra-Fine Tips, Marker Set, Writing, Coloring, Poster, Office, School Supplies, Black, 6 Count</p><p> -19% 0FF </p><p>$4.63 ($0.77 / Count)</p><a href="https://www.amazon.com/dp/B08MBFPFCQ?tag=eloabder-20&linkCode=osi&th=1&psc=1">View Product</a></div>
<div class="product"><a href="https://www.amazon.com/dp/B09Y2KJ2KX?tag=eloabder-20&linkCode=osi&th=1&psc=1"><img src="https://m.media-amazon.com/images/I/41EhQr7suML._SL500_.jpg" alt="Product Image"></a><p>Sharpie Pocket Highlighters, Mild Pastel Colors, Assorted, Chisel Tip, 12 Count - School, Home, and Office Use, Teacher Supplies</p><p> -22% 0FF </p><p>$7.76 ($0.65 / Count)</p><a href="https://www.amazon.com/dp/B09Y2KJ2KX?tag=eloabder-20&linkCode=osi&th=1&psc=1">View Product</a></div><div class="product"><a href="https://www.amazon.com/dp/B08698MJWT?tag=eloabder-20&linkCode=osi&th=1&psc=1"><img src="https://m.media-amazon.com/images/I/512N7aYt5oL._SL500_.jpg" alt="Product Image"></a><p>Sharpie S-Note Creative Markers, Pastel Highlighters, Art Marker Set, Assorted Colors, Chisel Tip, 24 Count - School, Home, and Office Use, Teacher Supplies</p><p> -60% 0FF </p><p>$8.83</p><a href="https://www.amazon.com/dp/B08698MJWT?tag=eloabder-20&linkCode=osi&th=1&psc=1">View Product</a></div>
<div class="product"><a href="https://www.amazon.com/dp/B097DPQPYN?tag=eloabder-20&linkCode=osi&th=1&psc=1"><img src="https://m.media-amazon.com/images/I/51nFyQPtfkL._SL500_.jpg" alt="Product Image"></a><p>Sonuimy Pencil Sharpeners, 4 Pcs Pencil Sharpeners Manual,Dual Holes Compact Colored Handheld Pencil Sharpener for Kids with Lid Adults Students School Class Home Office (Covered)</p><p> -13% 0FF </p><p>$4.49</p><a href="https://www.amazon.com/dp/B097DPQPYN?tag=eloabder-20&linkCode=osi&th=1&psc=1">View Product</a></div><div class="product"><a href="https://www.amazon.com/dp/B000MFN1G8?tag=eloabder-20&linkCode=osi&th=1&psc=1"><img src="https://m.media-amazon.com/images/I/41JPflroUEL._SL500_.jpg" alt="Product Image"></a><p>Compact Desktop Electric Pencil Sharpener, Black, Sold as 1 Each</p><p> -21% 0FF </p><p>$15.89</p><a href="https://www.amazon.com/dp/B000MFN1G8?tag=eloabder-20&linkCode=osi&th=1&psc=1">View Product</a></div><div class="product"><a href="https://www.amazon.com/dp/B00125KXGI?tag=eloabder-20&linkCode=osi&th=1&psc=1"><img src="https://m.media-amazon.com/images/I/51avY0bZv6L._SL500_.jpg" alt="Product Image"></a><p>Bostitch Office Personal Electric Pencil Sharpener, Powerful Stall-Free Motor, High Capacity Shavings Tray, Blue</p><p> -13% 0FF </p><p>$17.48</p><a href="https://www.amazon.com/dp/B00125KXGI?tag=eloabder-20&linkCode=osi&th=1&psc=1">View Product</a></div><div class="product"><a href="https://www.amazon.com/dp/B078DZY9Z5?tag=eloabder-20&linkCode=osi&th=1&psc=1"><img src="https://m.media-amazon.com/images/I/41KbUFGrXfL._SL500_.jpg" alt="Product Image"></a><p>JARLINK Electric Pencil Sharpener, Heavy-Duty Helical Blade to Fast Sharpen, Auto Stop for No.2/Colored Pencils(6-8mm), AC Adapter/Battery Operated in School Classroom/Office/Home (Black)</p><p> -21% 0FF </p><p>$16.98</p><a href="https://www.amazon.com/dp/B078DZY9Z5?tag=eloabder-20&linkCode=osi&th=1&psc=1">View Product</a></div><div class="product"><a href="https://www.amazon.com/dp/B08DLXH86D?tag=eloabder-20&linkCode=osi&th=1&psc=1"><img src="https://m.media-amazon.com/images/I/41UghsnBycL._SL500_.jpg" alt="Product Image"></a><p>Aogwat Pencil Sharpener Electric Pencil Sharpener for Kids, Blade to Fast Sharpen, Suitable for No.2/School/Classroom/Office/Home (Black)</p><p> -23% 0FF </p><p>$9.99</p><a href="https://www.amazon.com/dp/B08DLXH86D?tag=eloabder-20&linkCode=osi&th=1&psc=1">View Product</a></div><div class="product"><a href="https://www.amazon.com/dp/B000GP0VIU?tag=eloabder-20&linkCode=osi&th=1&psc=1"><img src="https://m.media-amazon.com/images/I/318OKKSwzbL._SL500_.jpg" alt="Product Image"></a><p>Bostitch Office Wall Mount Manual Pencil Sharpener, Tip Saver, 8 Hole Dial, 6X Longer Cutter Life, Vertical or Horizontal Mounting Black (MPS1-BLK)</p><p> -9% 0FF </p><p>$13.18</p><a href="https://www.amazon.com/dp/B000GP0VIU?tag=eloabder-20&linkCode=osi&th=1&psc=1">View Product</a></div>
<div class="product"><a href="https://www.amazon.com/dp/B00094H4LU?tag=eloabder-20&linkCode=osi&th=1&psc=1"><img src="https://m.media-amazon.com/images/I/41f-fbZYU1L._SL500_.jpg" alt="Product Image"></a><p>Paper Mate Erasers | Pink Pearl Large Erasers 12 Count</p><p> -55% 0FF </p><p>$6.03</p><a href="https://www.amazon.com/dp/B00094H4LU?tag=eloabder-20&linkCode=osi&th=1&psc=1">View Product</a></div><div class="product"><a href="https://www.amazon.com/dp/B07DPVVMWB?tag=eloabder-20&linkCode=osi&th=1&psc=1"><img src="https://m.media-amazon.com/images/I/51wLlsENgiL._SL500_.jpg" alt="Product Image"></a><p>Mr. Pen Erasers for Pencils, 120 Pack, Pencil Top Erasers, Eraser Caps, Cap Tops, Topper Erasers. Ereaser</p><p> -24% 0FF </p><p>$5.95</p><a href="https://www.amazon.com/dp/B07DPVVMWB?tag=eloabder-20&linkCode=osi&th=1&psc=1">View Product</a></div><div class="product"><a href="https://www.amazon.com/dp/B07144DC8V?tag=eloabder-20&linkCode=osi&th=1&psc=1"><img src="https://m.media-amazon.com/images/I/51Ed1+HW9cL._SL500_.jpg" alt="Product Image"></a><p>Pentel Hi-Polymer Block Eraser, White, 10/Box (ZEH10PC10)</p><p> -44% 0FF </p><p>$9.99</p><a href="https://www.amazon.com/dp/B07144DC8V?tag=eloabder-20&linkCode=osi&th=1&psc=1">View Product</a></div><div class="product"><a href="https://www.amazon.com/dp/B0047CT6SE?tag=eloabder-20&linkCode=osi&th=1&psc=1"><img src="https://m.media-amazon.com/images/I/41bhWXKeeiL._SL500_.jpg" alt="Product Image"></a><p>Pentel Clic Retractable Eraser with Grip, 3 Pack</p><p> -29% 0FF </p><p>$4.77</p><a href="https://www.amazon.com/dp/B0047CT6SE?tag=eloabder-20&linkCode=osi&th=1&psc=1">View Product</a></div>
<div class="product"><a href="https://www.amazon.com/dp/B09S9X3HV7?tag=eloabder-20&linkCode=osi&th=1&psc=1"><img src="https://m.media-amazon.com/images/I/51GgMyfl5VL._SL500_.jpg" alt="Product Image"></a><p>Color Transparent Ruler Plastic Rulers - Ruler 12 inch, Kids Ruler for School, Ruler with Centimeters, Millimeter and Inches, Assorted Colors, Clear Rulers, 7 Pack School Rulers</p><p> -16% 0FF </p><p>$5.99</p><a href="https://www.amazon.com/dp/B09S9X3HV7?tag=eloabder-20&linkCode=osi&th=1&psc=1">View Product</a></div><div class="product"><a href="https://www.amazon.com/dp/B06XK9VQM4?tag=eloabder-20&linkCode=osi&th=1&psc=1"><img src="https://m.media-amazon.com/images/I/51Glln3n-nL._SL500_.jpg" alt="Product Image"></a><p>Outus 12 Pack Wood Ruler Bulk for Students Wooden School Rulers Gifts Office Classroom Measuring, 2 Scale, 12 Inch and 30 cm</p><p> -6% 0FF </p><p>$7.99</p><a href="https://www.amazon.com/dp/B06XK9VQM4?tag=eloabder-20&linkCode=osi&th=1&psc=1">View Product</a></div><div class="product"><a href="https://www.amazon.com/dp/B0B5MLTG7J?tag=eloabder-20&linkCode=osi&th=1&psc=1"><img src="https://m.media-amazon.com/images/I/51z9LUxLKmL._SL500_.jpg" alt="Product Image"></a><p>DAGONGREN 30 Pack Clear Plastic Rulers 12 Inch,Transparent Assorted Color Metric Bulk Rulers with Inches and Centimeters,Kids Ruler for School,Home,Office</p><p> -9% 0FF </p><p>$9.99</p><a href="https://www.amazon.com/dp/B0B5MLTG7J?tag=eloabder-20&linkCode=osi&th=1&psc=1">View Product</a></div><div class="product"><a href="https://www.amazon.com/dp/B096MPPF53?tag=eloabder-20&linkCode=osi&th=1&psc=1"><img src="https://m.media-amazon.com/images/I/51qUpElDRcS._SL500_.jpg" alt="Product Image"></a><p>Tenare 1 Set Plastic Clear Math Set Includes Protractor Triangle Rulers 12 Inch 6 Inch Straight Geometry Math Transparent Ruler Measuring Tool for School Office Home Supplies(Clear)</p><p> -25% 0FF </p><p>$5.98</p><a href="https://www.amazon.com/dp/B096MPPF53?tag=eloabder-20&linkCode=osi&th=1&psc=1">View Product</a></div>
<div class="product"><a href="https://www.amazon.com/dp/B07YDDX4JL?tag=eloabder-20&linkCode=osi&th=1&psc=1"><img src="https://m.media-amazon.com/images/I/41oBPZwCRLL._SL500_.jpg" alt="Product Image"></a><p>3-Pack 8" Heavy Duty Scissors with Ultra Sharp Blades and Comfort Grip Handles - For Office, Home, School, Sewing, and Crafts</p><p> -15% 0FF </p><p>$8.49 ($2.83 / Count)</p><a href="https://www.amazon.com/dp/B07YDDX4JL?tag=eloabder-20&linkCode=osi&th=1&psc=1">View Product</a></div><div class="product"><a href="https://www.amazon.com/dp/B01BRGU8R0?tag=eloabder-20&linkCode=osi&th=1&psc=1"><img src="https://m.media-amazon.com/images/I/41ANVra+eNL._SL500_.jpg" alt="Product Image"></a><p>Amazon Basics Stainless Steel Scissors for Office, Crafts, Multipurpose, Sharp, Comfort Grip, PVD Coated, 3 Pack, Multicolor</p><p> -45% 0FF </p><p>$7.55</p><a href="https://www.amazon.com/dp/B01BRGU8R0?tag=eloabder-20&linkCode=osi&th=1&psc=1">View Product</a></div><div class="product"><a href="https://www.amazon.com/dp/B000P0LNRE?tag=eloabder-20&linkCode=osi&th=1&psc=1"><img src="https://m.media-amazon.com/images/I/41fWgMTO0JL._SL500_.jpg" alt="Product Image"></a><p>Westcott 8-Inch Titanium-Bonded Scissors with Adjustable Glide Feature for Office and Home - Gray/Yellow, 2-Pack</p><p> -33% 0FF </p><p>$9.97</p><a href="https://www.amazon.com/dp/B000P0LNRE?tag=eloabder-20&linkCode=osi&th=1&psc=1">View Product</a></div>
<div class="product"><a href="https://www.amazon.com/dp/B074ZRZ4CZ?tag=eloabder-20&linkCode=osi&th=1&psc=1"><img src="https://m.media-amazon.com/images/I/41bu+HKxC2L._SL500_.jpg" alt="Product Image"></a><p>Swingline Commercial Stapler, 20 Sheet Capacity, Jam Free, Metal, 2 Pack, Black (44401AZ)</p><p> -5% 0FF </p><p>$18.98</p><a href="https://www.amazon.com/dp/B074ZRZ4CZ?tag=eloabder-20&linkCode=osi&th=1&psc=1">View Product</a></div><div class="product"><a href="https://www.amazon.com/dp/B001PME62K?tag=eloabder-20&linkCode=osi&th=1&psc=1"><img src="https://m.media-amazon.com/images/I/41gbaJu-3iL._SL500_.jpg" alt="Product Image"></a><p>Swingline Stapler, 40 Sheet Capacity, Optima 40, Jam Free, Reduced Effort, Soft Grip, Metal, Orange and Gray (87845)</p><p> -14% 0FF </p><p>$24.19</p><a href="https://www.amazon.com/dp/B001PME62K?tag=eloabder-20&linkCode=osi&th=1&psc=1">View Product</a></div><div class="product"><a href="https://www.amazon.com/dp/B0D2JBKYM1?tag=eloabder-20&linkCode=osi&th=1&psc=1"><img src="https://m.media-amazon.com/images/I/41zFTU9QpfL._SL500_.jpg" alt="Product Image"></a><p>Bostitch Office Stapler, No-Jam Premium for Desktop, Includes 1,250 Staples, Full-Strip, 25 Sheet Capacity, Black</p><p> -26% 0FF </p><p>$6.99</p><a href="https://www.amazon.com/dp/B0D2JBKYM1?tag=eloabder-20&linkCode=osi&th=1&psc=1">View Product</a></div><div class="product"><a href="https://www.amazon.com/dp/B0CC5GJKM1?tag=eloabder-20&linkCode=osi&th=1&psc=1"><img src="https://m.media-amazon.com/images/I/41JDDoSZQiL._SL500_.jpg" alt="Product Image"></a><p>Metal Stapler Heavy Duty 50 Sheet Capacity with 1750 Staples and Staple Remover, Full Strip Staplers for Desk, No Jam, Non-Slip for Office & Classroom, Black</p><p> -33% 0FF </p><p>$13.29</p><a href="https://www.amazon.com/dp/B0CC5GJKM1?tag=eloabder-20&linkCode=osi&th=1&psc=1">View Product</a></div><div class="product"><a href="https://www.amazon.com/dp/B0006HUQZ6?tag=eloabder-20&linkCode=osi&th=1&psc=1"><img src="https://m.media-amazon.com/images/I/31e-T-f1TGL._SL500_.jpg" alt="Product Image"></a><p>Swingline Stapler, 30 Sheet Capacity, 747 Business Stapler, Jam Free, Metal, Rio Red (74736)</p><p> -23% 0FF </p><p>$15.30</p><a href="https://www.amazon.com/dp/B0006HUQZ6?tag=eloabder-20&linkCode=osi&th=1&psc=1">View Product</a></div>
<div class="product"><a href="https://www.amazon.com/dp/B00J8PJJF0?tag=eloabder-20&linkCode=osi&th=1&psc=1"><img src="https://m.media-amazon.com/images/I/418dc+5ZGkL._SL500_.jpg" alt="Product Image"></a><p>Bostitch Office Premium Standard Staples, 1/4" Full Strip, Box of 5,000 Staples</p><p> -27% 0FF </p><p>$4.39</p><a href="https://www.amazon.com/dp/B00J8PJJF0?tag=eloabder-20&linkCode=osi&th=1&psc=1">View Product</a></div><div class="product"><a href="https://www.amazon.com/dp/B079VYR12V?tag=eloabder-20&linkCode=osi&th=1&psc=1"><img src="https://m.media-amazon.com/images/I/51xAt88vqrL._SL500_.jpg" alt="Product Image"></a><p>Officemate Standard Staples, 10 Boxes General Purpose Staple (91950)</p><p> -10% 0FF </p><p>$14.37</p><a href="https://www.amazon.com/dp/B079VYR12V?tag=eloabder-20&linkCode=osi&th=1&psc=1">View Product</a></div><div class="product"><a href="https://www.amazon.com/dp/B00006IFMQ?tag=eloabder-20&linkCode=osi&th=1&psc=1"><img src="https://m.media-amazon.com/images/I/51UsWZuFq8L._SL500_.jpg" alt="Product Image"></a><p>Bostitch Office B8 PowerCrown 0.25 Inch Staples, Pack of 5,000 Staples (STCRP21151/4), Silver</p><p> -30% 0FF </p><p>$2.33</p><a href="https://www.amazon.com/dp/B00006IFMQ?tag=eloabder-20&linkCode=osi&th=1&psc=1">View Product</a></div>
<div class="product"><a href="https://www.amazon.com/dp/B000J07BRQ?tag=eloabder-20&linkCode=osi&th=1&psc=1"><img src="https://m.media-amazon.com/images/I/51QpJKjajbL._SL500_.jpg" alt="Product Image"></a><p>Scotch Heavy Duty Shipping Packing Tape, Clear, Packing Tape for Moving Boxes and Packaging Supplies, 1.88 in. x 22.2 yd., 6 Roll Dispensers, Moving Supplies</p><p> -35% 0FF </p><p>$12.99</p><a href="https://www.amazon.com/dp/B000J07BRQ?tag=eloabder-20&linkCode=osi&th=1&psc=1">View Product</a></div><div class="product"><a href="https://www.amazon.com/dp/B0000DH8HQ?tag=eloabder-20&linkCode=osi&th=1&psc=1"><img src="https://m.media-amazon.com/images/I/414lAY+087L._SL500_.jpg" alt="Product Image"></a><p>Scotch Magic Tape, Invisible Transparent Tape, 6 Tape Rolls with Dispensers, 3/4 in x 650 in</p><p> -23% 0FF </p><p>$12.34</p><a href="https://www.amazon.com/dp/B0000DH8HQ?tag=eloabder-20&linkCode=osi&th=1&psc=1">View Product</a></div><div class="product"><a href="https://www.amazon.com/dp/B0DQHV6X92?tag=eloabder-20&linkCode=osi&th=1&psc=1"><img src="https://m.media-amazon.com/images/I/51ViCFlgldL._SL500_.jpg" alt="Product Image"></a><p>BeataTap Tape, Invisible Tape, 6 Rolls + 6 Refillable Dispensers, Matte Finish, Writable, 3/4″ x 650″, Transparent Tape, Clear Tape for Gift Wrapping Paper, School Supplies</p><p> -15% 0FF </p><p>$5.94 ($0.99 / Count)</p><a href="https://www.amazon.com/dp/B0DQHV6X92?tag=eloabder-20&linkCode=osi&th=1&psc=1">View Product</a></div><div class="product"><a href="https://www.amazon.com/dp/B07CB6LN5S?tag=eloabder-20&linkCode=osi&th=1&psc=1"><img src="https://m.media-amazon.com/images/I/41NNyeISnjL._SL500_.jpg" alt="Product Image"></a><p>Scotch Super-Hold Tape, 2 Rolls, Transparent Finish, 50% More Adhesive, Trusted Favorite, 3/4 x 600 Inches, Dispensered (198DM-2)</p><p> -30% 0FF </p><p>$5.97</p><a href="https://www.amazon.com/dp/B07CB6LN5S?tag=eloabder-20&linkCode=osi&th=1&psc=1">View Product</a></div><div class="product"><a href="https://www.amazon.com/dp/B00464740A?tag=eloabder-20&linkCode=osi&th=1&psc=1"><img src="https://m.media-amazon.com/images/I/51ZPFoiGfuL._SL500_.jpg" alt="Product Image"></a><p>Scotch Sure Start Shipping Packaging Tape, 1.88" x 22.2 yd, Designed for Packing, Shipping and Mailing, Quiet Unwind, No Splitting or Tearing, 1.5" Core, Clear, 6 Dispensered Rolls (145-6)</p><p> -28% 0FF </p><p>$13.48</p><a href="https://www.amazon.com/dp/B00464740A?tag=eloabder-20&linkCode=osi&th=1&psc=1">View Product</a></div><div class="product"><a href="https://www.amazon.com/dp/B09C6LLG9P?tag=eloabder-20&linkCode=osi&th=1&psc=1"><img src="https://m.media-amazon.com/images/I/41rbv66ZNBL._SL500_.jpg" alt="Product Image"></a><p>Scotch Box Lock Packaging Tape, 1 Roll with Dispenser, 1.88 in x 1000 in, Extreme Grip, Sticks Instantly to Any Box (195L)</p><p> -31% 0FF </p><p>$4.12</p><a href="https://www.amazon.com/dp/B09C6LLG9P?tag=eloabder-20&linkCode=osi&th=1&psc=1">View Product</a></div>
<div class="product"><a href="https://www.amazon.com/dp/B08QQZ71CV?tag=eloabder-20&linkCode=osi&th=1&psc=1"><img src="https://m.media-amazon.com/images/I/51Foz0aGYoS._SL500_.jpg" alt="Product Image"></a><p>Gorilla Super Glue, Clear Glue, Four 3 Gram Tubes (Pack of 1) - All Purpose and Fast Setting for Projects and Repairs</p><p> -25% 0FF </p><p>$9.49 ($22.60 / Ounce)</p><a href="https://www.amazon.com/dp/B08QQZ71CV?tag=eloabder-20&linkCode=osi&th=1&psc=1">View Product</a></div><div class="product"><a href="https://www.amazon.com/dp/B07J6R3GK7?tag=eloabder-20&linkCode=osi&th=1&psc=1"><img src="https://m.media-amazon.com/images/I/31kdOjGBkpL._SL500_.jpg" alt="Product Image"></a><p>Amazon Basics All Purpose Washable School Clear Liquid Glue - Great for Making Slime, 128 fl oz</p><p> -6% 0FF </p><p>$16.13</p><a href="https://www.amazon.com/dp/B07J6R3GK7?tag=eloabder-20&linkCode=osi&th=1&psc=1">View Product</a></div><div class="product"><a href="https://www.amazon.com/dp/B00178QQJ8?tag=eloabder-20&linkCode=osi&th=1&psc=1"><img src="https://m.media-amazon.com/images/I/41zs6k410RL._SL500_.jpg" alt="Product Image"></a><p>Mod Podge Gloss Sealer, Glue & Finish: All-in-One Craft Solution- Quick Dry, Easy Clean, for Wood, Paper, Fabric & More. Non-Toxic - Craft with Confidence, Made in USA, 16 oz., Pack of 1</p><p> -36% 0FF </p><p>$7.99 ($0.50 / Fl Oz)</p><a href="https://www.amazon.com/dp/B00178QQJ8?tag=eloabder-20&linkCode=osi&th=1&psc=1">View Product</a></div><div class="product"><a href="https://www.amazon.com/dp/B073V14DZJ?tag=eloabder-20&linkCode=osi&th=1&psc=1"><img src="https://m.media-amazon.com/images/I/31Iyy5+vk6L._SL500_.jpg" alt="Product Image"></a><p>Amazon Basics All Purpose Washable School Craft Liquid Glue for Making Slime, White, Single Pack, 1 Gallon</p><p> -7% 0FF </p><p>$15.54</p><a href="https://www.amazon.com/dp/B073V14DZJ?tag=eloabder-20&linkCode=osi&th=1&psc=1">View Product</a></div><div class="product"><a href="https://www.amazon.com/dp/B0006HUJCQ?tag=eloabder-20&linkCode=osi&th=1&psc=1"><img src="https://m.media-amazon.com/images/I/511pTqChTCL._SL500_.jpg" alt="Product Image"></a><p>Loctite Super Glue Gel Control, Clear, 0.14 fl oz Bottle, 1 Pack - Superglue for Plastic, Wood, Metal, Crafts & Repair, Cyanoacrylate Adhesive Instant Glue, Quick Dry</p><p> -13% 0FF </p><p>$3.64 ($26.00 / Fl Oz)</p><a href="https://www.amazon.com/dp/B0006HUJCQ?tag=eloabder-20&linkCode=osi&th=1&psc=1">View Product</a></div>
<div class="product"><a href="https://www.amazon.com/dp/B074XTRX7K?tag=eloabder-20&linkCode=osi&th=1&psc=1"><img src="https://m.media-amazon.com/images/I/31rOPIrMfDL._SL500_.jpg" alt="Product Image"></a><p>Amazon Basics Sturdy Binder Clips for Office Use, 96 Count (8 Pack of 12), Medium, 1.25 in, Black</p><p> -26% 0FF </p><p>$7.48</p><a href="https://www.amazon.com/dp/B074XTRX7K?tag=eloabder-20&linkCode=osi&th=1&psc=1">View Product</a></div><div class="product"><a href="https://www.amazon.com/dp/B00TQ8FDB8?tag=eloabder-20&linkCode=osi&th=1&psc=1"><img src="https://m.media-amazon.com/images/I/51y7lUrMLnL._SL500_.jpg" alt="Product Image"></a><p>ACCO Binder Clips, Medium, Black, 12 per Box, 2 Boxes (72062)</p><p> -25% 0FF </p><p>$5.96</p><a href="https://www.amazon.com/dp/B00TQ8FDB8?tag=eloabder-20&linkCode=osi&th=1&psc=1">View Product</a></div><div class="product"><a href="https://www.amazon.com/dp/B08KWCDP3C?tag=eloabder-20&linkCode=osi&th=1&psc=1"><img src="https://m.media-amazon.com/images/I/41qucDz6HuL._SL500_.jpg" alt="Product Image"></a><p>Ufmarine Medium Binder Clips 1.25 inch Length, (40 Pcs) Colorful Paper Clips Medium for Office</p><p> -12% 0FF </p><p>$5.99</p><a href="https://www.amazon.com/dp/B08KWCDP3C?tag=eloabder-20&linkCode=osi&th=1&psc=1">View Product</a></div>
<div class="product"><a href="https://www.amazon.com/dp/B09XQLJFDD?tag=eloabder-20&linkCode=osi&th=1&psc=1"><img src="https://m.media-amazon.com/images/I/41iiSFMy4uL._SL500_.jpg" alt="Product Image"></a><p>PAPERPAL Paperclips for Office School & Personal Use, #1 Nonskid Paper Clip (1-2/7"), 600 Medium Paper Clips (6 Boxes of 100 Each), Silver</p><p> -20% 0FF </p><p>$7.99</p><a href="https://www.amazon.com/dp/B09XQLJFDD?tag=eloabder-20&linkCode=osi&th=1&psc=1">View Product</a></div>

<div class="product"><a href="https://www.amazon.com/dp/B004I2G8NO?tag=eloabder-20&linkCode=osi&th=1&psc=1"><img src="https://m.media-amazon.com/images/I/51WEsLRINGL._SL500_.jpg" alt="Product Image"></a><p>Business Source Rubber Band, Natural (1914LB)</p><p> -26% 0FF </p><p>$4.00</p><a href="https://www.amazon.com/dp/B004I2G8NO?tag=eloabder-20&linkCode=osi&th=1&psc=1">View Product</a></div><div class="product"><a href="https://www.amazon.com/dp/B077GDY1LP?tag=eloabder-20&linkCode=osi&th=1&psc=1"><img src="https://m.media-amazon.com/images/I/41nn0nmNTiL._SL500_.jpg" alt="Product Image"></a><p>ANNIE 1000 RUBBER BANDS 1/2" #BLACK</p><p> -7% 0FF </p><p>$4.90 ($1.22 / Count)</p><a href="https://www.amazon.com/dp/B077GDY1LP?tag=eloabder-20&linkCode=osi&th=1&psc=1">View Product</a></div><div class="product"><a href="https://www.amazon.com/dp/B000783OPI?tag=eloabder-20&linkCode=osi&th=1&psc=1"><img src="https://m.media-amazon.com/images/I/510okXKzMqL._SL500_.jpg" alt="Product Image"></a><p>Universal 00419 19-Size Rubber Bands (335 Per Pack), Beige</p><p> -29% 0FF </p><p>$3.44</p><a href="https://www.amazon.com/dp/B000783OPI?tag=eloabder-20&linkCode=osi&th=1&psc=1">View Product</a></div><div class="product"><a href="https://www.amazon.com/dp/B00006IBRU?tag=eloabder-20&linkCode=osi&th=1&psc=1"><img src="https://m.media-amazon.com/images/I/51pU5khkX8L._SL500_.jpg" alt="Product Image"></a><p>ALL26335 - Alliance Rubber 26335 Advantage Rubber Bands - Size #33, Natural, 1 Pound 3 x 1/8 inches</p><p> -62% 0FF </p><p>$3.29</p><a href="https://www.amazon.com/dp/B00006IBRU?tag=eloabder-20&linkCode=osi&th=1&psc=1">View Product</a></div>
<div class="product"><a href="https://www.amazon.com/dp/B0DSKTZBB6?tag=eloabder-20&linkCode=osi&th=1&psc=1"><img src="https://m.media-amazon.com/images/I/415YD3kNFlL._SL500_.jpg" alt="Product Image"></a><p>300 Count Colored Index Cards 3 x 5 Inch Ruled Index Cards, Flash Cards College Ruled for School, College, Office and Home Organization, Durable Study To Do List Note Cards with Ruled Lines</p><p> -10% 0FF </p><p>$6.29</p><a href="https://www.amazon.com/dp/B0DSKTZBB6?tag=eloabder-20&linkCode=osi&th=1&psc=1">View Product</a></div><div class="product"><a href="https://www.amazon.com/dp/B09JYQZQ3V?tag=eloabder-20&linkCode=osi&th=1&psc=1"><img src="https://m.media-amazon.com/images/I/41y5vfnutuL._SL500_.jpg" alt="Product Image"></a><p>Oxford Index Cards, 3 x 5 Inches, White, Lined on Front, Blank on Back, Flashcards for School and Studying, Recipe Note Cards, 500 Count (5 Packs of 100) (40176)</p><p> -22% 0FF </p><p>$7.01</p><a href="https://www.amazon.com/dp/B09JYQZQ3V?tag=eloabder-20&linkCode=osi&th=1&psc=1">View Product</a></div>
<div class="product"><a href="https://www.amazon.com/dp/B00P9U2EM8?tag=eloabder-20&linkCode=osi&th=1&psc=1"><img src="https://m.media-amazon.com/images/I/41Op5kyIukL._SL500_.jpg" alt="Product Image"></a><p>Mead Spiral Notebook, 6 Pack, 1 Subject, College Ruled Paper, 7-1/2" x 10-1/2", 70 Sheets per Notebook, Colors Will Vary (830062-ECM25)</p><p> -46% 0FF </p><p>$6.71</p><a href="https://www.amazon.com/dp/B00P9U2EM8?tag=eloabder-20&linkCode=osi&th=1&psc=1">View Product</a></div><div class="product"><a href="https://www.amazon.com/dp/B0CQN8FVJX?tag=eloabder-20&linkCode=osi&th=1&psc=1"><img src="https://m.media-amazon.com/images/I/414WVVoGFPL._SL500_.jpg" alt="Product Image"></a><p>SUNEE Spiral Notebooks, 1-Subject, 5 Pack, College Ruled Paper, 8" x 10-1/2", 70 Sheets per Notebook,3-Hole Punched Paper, Pink,Purple, Blue, Green, Yellow Spiral Lined Notebooks for School,Work</p><p> -29% 0FF </p><p>$9.99</p><a href="https://www.amazon.com/dp/B0CQN8FVJX?tag=eloabder-20&linkCode=osi&th=1&psc=1">View Product</a></div><div class="product"><a href="https://www.amazon.com/dp/B08NYRMWZ8?tag=eloabder-20&linkCode=osi&th=1&psc=1"><img src="https://m.media-amazon.com/images/I/41y1cnNXtOL._SL500_.jpg" alt="Product Image"></a><p>Yansanido Spiral Notebook, 4 Pcs 8.3 Inch x 5.9 Inch A5 Thick Plastic Hardcover 8mm Ruled 4 Color 80 Sheets -160 Pages Journals for Study and Notes (style 10-Wine Red,Brown,Green,ivory, A5)</p><p> -23% 0FF </p><p>$9.99</p><a href="https://www.amazon.com/dp/B08NYRMWZ8?tag=eloabder-20&linkCode=osi&th=1&psc=1">View Product</a></div><div class="product"><a href="https://www.amazon.com/dp/B08VF9VYLZ?tag=eloabder-20&linkCode=osi&th=1&psc=1"><img src="https://m.media-amazon.com/images/I/41ktUSmtHAL._SL500_.jpg" alt="Product Image"></a><p>Oxford Spiral Notebooks, 6 Pack, 1 Subject, Wide Ruled Notebooks for School, 8 x 10.5 Inches, 70 Sheets, Assorted Pastel Colors, Back to School Supplies (63757)</p><p> -6% 0FF </p><p>$8.99</p><a href="https://www.amazon.com/dp/B08VF9VYLZ?tag=eloabder-20&linkCode=osi&th=1&psc=1">View Product</a></div>
<div class="product"><a href="https://www.amazon.com/dp/B0FDRCSXZH?tag=eloabder-20&linkCode=osi&th=1&psc=1"><img src="https://m.media-amazon.com/images/I/41rYztS-0zL._SL500_.jpg" alt="Product Image"></a><p>5pcs Small Note Pads, Color Notepads 5x8 College Ruled Notebook, Writing Pads 5 x 8, Legal Pads, Memo Pad Paper Perforate Narrow Ruled Notebooks for Work, School, Office Supplies,30 Sheets/Pack</p><p> -14% 0FF </p><p>$5.99</p><a href="https://www.amazon.com/dp/B0FDRCSXZH?tag=eloabder-20&linkCode=osi&th=1&psc=1">View Product</a></div><div class="product"><a href="https://www.amazon.com/dp/B0BZQNCV62?tag=eloabder-20&linkCode=osi&th=1&psc=1"><img src="https://m.media-amazon.com/images/I/41yNqvqCwoL._SL500_.jpg" alt="Product Image"></a><p>Alitte Legal Notepads 8.5 x 11, Pack of 12 - Perforated Wide Ruled Writing Pad - Premium Thick Paper, No Ink Bleeding - Blank Legal Pads For Home, Office, School, Business - 50 Sheets Per Notebook</p><p> -17% 0FF </p><p>$24.99</p><a href="https://www.amazon.com/dp/B0BZQNCV62?tag=eloabder-20&linkCode=osi&th=1&psc=1">View Product</a></div>
<div class="product"><a href="https://www.amazon.com/dp/B0C7S1PCX4?tag=eloabder-20&linkCode=osi&th=1&psc=1"><img src="https://m.media-amazon.com/images/I/41nVRBg2klL._SL500_.jpg" alt="Product Image"></a><p>Oxford 8.5 x 11 Legal Pads, 12 Pack, Wide Ruled, Yellow Paper, 50 Sheets Per Writing Pad, Made in the USA (74020)</p><p> -30% 0FF </p><p>$12.60</p><a href="https://www.amazon.com/dp/B0C7S1PCX4?tag=eloabder-20&linkCode=osi&th=1&psc=1">View Product</a></div><div class="product"><a href="https://www.amazon.com/dp/B0CGF22134?tag=eloabder-20&linkCode=osi&th=1&psc=1"><img src="https://m.media-amazon.com/images/I/41FzLgeXAyL._SL500_.jpg" alt="Product Image"></a><p>MSKKSM Legal Pads 8.5 x 11, 3 Pack Yellow Note Pads 8.5 x 11 Writing Pads, Wide Ruled Legal Notepads, Lined Pads of Paper Yellow Paper Pads, 30 Sheets Per Notepad for School, Home, Office, Business</p><p> -17% 0FF </p><p>$9.99</p><a href="https://www.amazon.com/dp/B0CGF22134?tag=eloabder-20&linkCode=osi&th=1&psc=1">View Product</a></div><div class="product"><a href="https://www.amazon.com/dp/B0FCMWHFC2?tag=eloabder-20&linkCode=osi&th=1&psc=1"><img src="https://m.media-amazon.com/images/I/41MMVFB-S4L._SL500_.jpg" alt="Product Image"></a><p>5pcs Legal Pads 8.5 x 11, Notepads 8.5 x 11 Inch, Color Note Pads Clear Print Writing Pads of Paper, Memo Pads , Perforate Legal Notepads Paper , Wide Ruled Lined with Sturdy Back,30 Sheets/Pack</p><p> -8% 0FF </p><p>$11.99</p><a href="https://www.amazon.com/dp/B0FCMWHFC2?tag=eloabder-20&linkCode=osi&th=1&psc=1">View Product</a></div>
<div class="product"><a href="https://www.amazon.com/dp/B08H593JZG?tag=eloabder-20&linkCode=osi&th=1&psc=1"><img src="https://m.media-amazon.com/images/I/415Ykzo-lyL._SL500_.jpg" alt="Product Image"></a><p>Eastern Wolf 8 Pads Sticky Notes 3x3 Self-Stick Notes 8 Bright Multi Colors Purple Sticky Notes, 85 Sheet/Pad</p><p> -20% 0FF </p><p>$5.59</p><a href="https://www.amazon.com/dp/B08H593JZG?tag=eloabder-20&linkCode=osi&th=1&psc=1">View Product</a></div><div class="product"><a href="https://www.amazon.com/dp/B0BPJW13CM?tag=eloabder-20&linkCode=osi&th=1&psc=1"><img src="https://m.media-amazon.com/images/I/41uKwTyz1rL._SL500_.jpg" alt="Product Image"></a><p>Post-it 100% Recycled Paper Super Sticky Notes, 2X The Sticking Power, 3x3 in, 5 Pads, 70 Sheets/Pad, Wanderlust Pastels Collection (654R-5SSNRP)</p><p> -33% 0FF </p><p>$5.98</p><a href="https://www.amazon.com/dp/B0BPJW13CM?tag=eloabder-20&linkCode=osi&th=1&psc=1">View Product</a></div><div class="product"><a href="https://www.amazon.com/dp/B0D6RPPK9H?tag=eloabder-20&linkCode=osi&th=1&psc=1"><img src="https://m.media-amazon.com/images/I/41O8zZ-RN4L._SL500_.jpg" alt="Product Image"></a><p>(18 Pads) Sticky Notes 3x3 inch, Self-Stick Pads Bright Colors Sticky Note, Recyclable, Easy to Post for Home, Office, Notebook</p><p> -40% 0FF </p><p>$8.39</p><a href="https://www.amazon.com/dp/B0D6RPPK9H?tag=eloabder-20&linkCode=osi&th=1&psc=1">View Product</a></div><div class="product"><a href="https://www.amazon.com/dp/B0CMGJ6FRB?tag=eloabder-20&linkCode=osi&th=1&psc=1"><img src="https://m.media-amazon.com/images/I/41xF9DqIGZL._SL500_.jpg" alt="Product Image"></a><p>Sticky Notes, 12 Pads, 3x3 inches, Soft Pastel Self-Stick Note Pads, Perfect for Office, Study, and Daily Life Organization - Soft Pastel</p><p> -16% 0FF </p><p>$5.06</p><a href="https://www.amazon.com/dp/B0CMGJ6FRB?tag=eloabder-20&linkCode=osi&th=1&psc=1">View Product</a></div>
<div class="product"><a href="https://www.amazon.com/dp/B07VRYX57R?tag=eloabder-20&linkCode=osi&th=1&psc=1"><img src="https://m.media-amazon.com/images/I/410XbLRqukL._SL500_.jpg" alt="Product Image"></a><p>(24 Pack) Sticky Notes 3x3 in Post Bright Stickies Colorful Super Sticking Power Memo Pads, Strong Adhesive, 74 Sheets/pad</p><p> -35% 0FF </p><p>$16.99</p><a href="https://www.amazon.com/dp/B07VRYX57R?tag=eloabder-20&linkCode=osi&th=1&psc=1">View Product</a></div><div class="product"><a href="https://www.amazon.com/dp/B00QSR9PRI?tag=eloabder-20&linkCode=osi&th=1&psc=1"><img src="https://m.media-amazon.com/images/I/31n-YNlgraL._SL500_.jpg" alt="Product Image"></a><p>Amazon Basics Narrow Ruled Lined Writing Note Pad, 5 inch x 8 inch, White, 12 Count (12 Pack of 50 pages)</p><p> -6% 0FF </p><p>$8.78</p><a href="https://www.amazon.com/dp/B00QSR9PRI?tag=eloabder-20&linkCode=osi&th=1&psc=1">View Product</a></div><div class="product"><a href="https://www.amazon.com/dp/B0D5M4D3NN?tag=eloabder-20&linkCode=osi&th=1&psc=1"><img src="https://m.media-amazon.com/images/I/41uzPvHBCDL._SL500_.jpg" alt="Product Image"></a><p>(12 Pack) Lined Sticky Notes 4x6 in Ruled Stickies Super Sticking Power Memo Pads Bright Colors</p><p> -40% 0FF </p><p>$8.98</p><a href="https://www.amazon.com/dp/B0D5M4D3NN?tag=eloabder-20&linkCode=osi&th=1&psc=1">View Product</a></div><div class="product"><a href="https://www.amazon.com/dp/B0CQK3M5VK?tag=eloabder-20&linkCode=osi&th=1&psc=1"><img src="https://m.media-amazon.com/images/I/31jKEzc1qFL._SL500_.jpg" alt="Product Image"></a><p>Note Pads 4x6 Inch, 6 Pack Blank Scratch Pads, 50 Sheets Per Memo Pad for Writing, White Pad of Paper Suit for Home, Office and School, Tear off Notepad, Small Server Notebook</p><p> -10% 0FF </p><p>$6.29</p><a href="https://www.amazon.com/dp/B0CQK3M5VK?tag=eloabder-20&linkCode=osi&th=1&psc=1">View Product</a></div>
<div class="product"><a href="https://www.amazon.com/dp/B0F5D4VNBX?tag=eloabder-20&linkCode=osi&th=1&psc=1"><img src="https://m.media-amazon.com/images/I/41SnXbixNcL._SL500_.jpg" alt="Product Image"></a><p>Blue Sky 2026 Weekly and Monthly Planner Calendar, Includes January 2026 - December 2026, 5" x 8", Flexible Cover, Wirebound, Laminated Tabs, Enterprise</p><p> -10% 0FF </p><p>$8.99</p><a href="https://www.amazon.com/dp/B0F5D4VNBX?tag=eloabder-20&linkCode=osi&th=1&psc=1">View Product</a></div><div class="product"><a href="https://www.amazon.com/dp/B0FRNQDRCR?tag=eloabder-20&linkCode=osi&th=1&psc=1"><img src="https://m.media-amazon.com/images/I/51rBf1oJchL._SL500_.jpg" alt="Product Image"></a><p>Essential PRO 2026 Daily, Weekly & Monthly Planner, 7"x9": 14 Months (Nov 2025 - Dec 2026) Monthly Tabs,Daily Tracking,Notes Pages,Storage Pocket,Bookmark w Sticky Notes (Tree Seasons)</p><p> -14% 0FF </p><p>$29.95</p><a href="https://www.amazon.com/dp/B0FRNQDRCR?tag=eloabder-20&linkCode=osi&th=1&psc=1">View Product</a></div><div class="product"><a href="https://www.amazon.com/dp/B0DYBQWJ5S?tag=eloabder-20&linkCode=osi&th=1&psc=1"><img src="https://m.media-amazon.com/images/I/41UP6Ui7BjL._SL500_.jpg" alt="Product Image"></a><p>AT-A-GLANCE 2026 Appointment Book Planner, Weekly, 8" x 11", Large, Quarter-Hourly, DayMinder, Black (G5200026)</p><p> -45% 0FF </p><p>$15.87</p><a href="https://www.amazon.com/dp/B0DYBQWJ5S?tag=eloabder-20&linkCode=osi&th=1&psc=1">View Product</a></div><div class="product"><a href="https://www.amazon.com/dp/B0DJ8SXCR4?tag=eloabder-20&linkCode=osi&th=1&psc=1"><img src="https://m.media-amazon.com/images/I/41sRmmLvCsL._SL500_.jpg" alt="Product Image"></a><p>Planner 2025-2026, Weekly and Monthly Calendar Academic Planner (July 2025 - June 2026), Hardcover Teacher School Student Agenda with Tabs, Ideal for School Office Supplies, A5 (6.3" x 8.5") - Green</p><p> -25% 0FF </p><p>$8.99</p><a href="https://www.amazon.com/dp/B0DJ8SXCR4?tag=eloabder-20&linkCode=osi&th=1&psc=1">View Product</a></div><div class="product"><a href="https://www.amazon.com/dp/B0D2VW43KP?tag=eloabder-20&linkCode=osi&th=1&psc=1"><img src="https://m.media-amazon.com/images/I/41eyA1Q1U4L._SL500_.jpg" alt="Product Image"></a><p>Forvencer 2026 Planner, Hardcover Calendar Planner Weekly and Monthly, January 2026 - December 2026, 8.5" x 11", Spiral Agenda Book with Tabs, Exquisite Daily Journal with Inner Pocket, Organizer Notebook for Office Home School, A4 Size, Green</p><p> -41% 0FF </p><p>$9.99</p><a href="https://www.amazon.com/dp/B0D2VW43KP?tag=eloabder-20&linkCode=osi&th=1&psc=1">View Product</a></div>
<div class="product"><a href="https://www.amazon.com/dp/B0DYBYRY3R?tag=eloabder-20&linkCode=osi&th=1&psc=1"><img src="https://m.media-amazon.com/images/I/41oxPcKnCuL._SL500_.jpg" alt="Product Image"></a><p>AT-A-GLANCE 2026 Desk Calendar, Monthly, Desk Pad, 21-3/4" x 17", Large, Ruled Blocks (SK240026)</p><p> -19% 0FF </p><p>$11.89</p><a href="https://www.amazon.com/dp/B0DYBYRY3R?tag=eloabder-20&linkCode=osi&th=1&psc=1">View Product</a></div><div class="product"><a href="https://www.amazon.com/dp/B0DXQ416QR?tag=eloabder-20&linkCode=osi&th=1&psc=1"><img src="https://m.media-amazon.com/images/I/41o3YUjfIVL._SL500_.jpg" alt="Product Image"></a><p>Aesthetic 2025-2026 Wall Calendar - Runs from May 2025 Until December 2026 - The Perfect Modern Calendar Planner for Easy Organizing</p><p> -43% 0FF </p><p>$3.99</p><a href="https://www.amazon.com/dp/B0DXQ416QR?tag=eloabder-20&linkCode=osi&th=1&psc=1">View Product</a></div><div class="product"><a href="https://www.amazon.com/dp/B0CCRXKSK8?tag=eloabder-20&linkCode=osi&th=1&psc=1"><img src="https://m.media-amazon.com/images/I/51eOdkimr+L._SL500_.jpg" alt="Product Image"></a><p>SUNEE Wall Calendar 2025-2026 Large 22.75"x15.5", 21 Month Calendar from October 2025 to June 2027, Vertical Extra Large Monthly Calendar 2026 for Wall, Seasons Color</p><p> -24% 0FF </p><p>$15.19</p><a href="https://www.amazon.com/dp/B0CCRXKSK8?tag=eloabder-20&linkCode=osi&th=1&psc=1">View Product</a></div><div class="product"><a href="https://www.amazon.com/dp/B0F7HZ7C9G?tag=eloabder-20&linkCode=osi&th=1&psc=1"><img src="https://m.media-amazon.com/images/I/41rkKO18HGL._SL500_.jpg" alt="Product Image"></a><p>Beautiful 2025-2026 Wall Calendar - Runs from July 2025 until December 2026 – Large 14.5" x 11.5" Office Wall Calendar for Easy Organizing</p><p> -10% 0FF </p><p>$8.99</p><a href="https://www.amazon.com/dp/B0F7HZ7C9G?tag=eloabder-20&linkCode=osi&th=1&psc=1">View Product</a></div><div class="product"><a href="https://www.amazon.com/dp/B0DYDC7ZLV?tag=eloabder-20&linkCode=osi&th=1&psc=1"><img src="https://m.media-amazon.com/images/I/51MOLWJ45HL._SL500_.jpg" alt="Product Image"></a><p>XISIDO 2025-2026 Wall Calendar, Calendar 2025-2026, 18 Month Calendar July 2025 - December 2026, 14.8" X 11.5", Calendar with Twin-Wire Binding, Hanging Hook and Julian Dates (Seasonal Designs)</p><p> -20% 0FF </p><p>$7.99</p><a href="https://www.amazon.com/dp/B0DYDC7ZLV?tag=eloabder-20&linkCode=osi&th=1&psc=1">View Product</a></div><div class="product"><a href="https://www.amazon.com/dp/B0D2KCVBBD?tag=eloabder-20&linkCode=osi&th=1&psc=1"><img src="https://m.media-amazon.com/images/I/51Eg-3ZKZxL._SL500_.jpg" alt="Product Image"></a><p>XISIDO Calendar 2025-2026, 18 Months Wall Calendar July 2025 to Dec 2026 Calendar with Julian Dates, 11" X 8.5" (Colorful)</p><p> -33% 0FF </p><p>$3.99</p><a href="https://www.amazon.com/dp/B0D2KCVBBD?tag=eloabder-20&linkCode=osi&th=1&psc=1">View Product</a></div><div class="product"><a href="https://www.amazon.com/dp/B0DY7R9226?tag=eloabder-20&linkCode=osi&th=1&psc=1"><img src="https://m.media-amazon.com/images/I/41eTUjCfzFL._SL500_.jpg" alt="Product Image"></a><p>Lbylyhxc Wall Calendar 2025-2026 - Runs from July 2025 to December 2026-18 Monthly Calendar 2026. Thick Paper includes major holidays and dedicated space for notes and important dates (Colorful Calendar 2025-2026)</p><p> -50% 0FF </p><p>$2.49</p><a href="https://www.amazon.com/dp/B0DY7R9226?tag=eloabder-20&linkCode=osi&th=1&psc=1">View Product</a></div>
<div class="product"><a href="https://www.amazon.com/dp/B00NI5LVAW?tag=eloabder-20&linkCode=osi&th=1&psc=1"><img src="https://m.media-amazon.com/images/I/31X0RgqQ1ML._SL500_.jpg" alt="Product Image"></a><p>Pendaflex File Folders, Letter Size, 1/3 Cut, Manila, 250 per Box (752250)</p><p> -11% 0FF </p><p>$26.50</p><a href="https://www.amazon.com/dp/B00NI5LVAW?tag=eloabder-20&linkCode=osi&th=1&psc=1">View Product</a></div><div class="product"><a href="https://www.amazon.com/dp/B0D1YBFHS8?tag=eloabder-20&linkCode=osi&th=1&psc=1"><img src="https://m.media-amazon.com/images/I/41qkHxiS+vL._SL500_.jpg" alt="Product Image"></a><p>SUNEE File Folders, 30 Pack Manilla Folders 8.5 x 11, Colored File Folders Home Office School Supplies for Documents Files Paper, 6 Assorted Colors</p><p> -26% 0FF </p><p>$9.99</p><a href="https://www.amazon.com/dp/B0D1YBFHS8?tag=eloabder-20&linkCode=osi&th=1&psc=1">View Product</a></div><div class="product"><a href="https://www.amazon.com/dp/B000DZ9XGO?tag=eloabder-20&linkCode=osi&th=1&psc=1"><img src="https://m.media-amazon.com/images/I/31WKzTB-4WL._SL500_.jpg" alt="Product Image"></a><p>Oxford Two-Pocket Folders, Assorted Colors, Letter Size, 25 per box (57513)</p><p> -32% 0FF </p><p>$12.23</p><a href="https://www.amazon.com/dp/B000DZ9XGO?tag=eloabder-20&linkCode=osi&th=1&psc=1">View Product</a></div><div class="product"><a href="https://www.amazon.com/dp/B0F8H75MLS?tag=eloabder-20&linkCode=osi&th=1&psc=1"><img src="https://m.media-amazon.com/images/I/41GV18+8+zL._SL500_.jpg" alt="Product Image"></a><p>Plastic Folders with Pockets, 6 Pack Document Folders with Business Card Slot, 2 Pocket Folders Back to School Supplies for Kids, Office</p><p> -33% 0FF </p><p>$5.99</p><a href="https://www.amazon.com/dp/B0F8H75MLS?tag=eloabder-20&linkCode=osi&th=1&psc=1">View Product</a></div><div class="product"><a href="https://www.amazon.com/dp/B0CPDTKFVF?tag=eloabder-20&linkCode=osi&th=1&psc=1"><img src="https://m.media-amazon.com/images/I/41PQ8ToLyhL._SL500_.jpg" alt="Product Image"></a><p>Aegero Plastic Folders with Pockets (7 Pack, Assorted Colors), Durable Heavy Duty File Folders with Business Card Slot, 2-Pocket Folder for Schoolwork & Office,Letter Size…</p><p> -11% 0FF </p><p>$7.99</p><a href="https://www.amazon.com/dp/B0CPDTKFVF?tag=eloabder-20&linkCode=osi&th=1&psc=1">View Product</a></div>
<div class="product"><a href="https://www.amazon.com/dp/B0CSPT4RFH?tag=eloabder-20&linkCode=osi&th=1&psc=1"><img src="https://m.media-amazon.com/images/I/31O8kdFg7FL._SL500_.jpg" alt="Product Image"></a><p>Two Tone Color File Folders 8.5 x 11 Inch, 1/3 Cut Tab File Folders Letter Size, Assorted Colors, Blue Red Green Yellow Orange Manila File Folders, School Business Office Folders for Document -15 Pack</p><p> -13% 0FF </p><p>$6.99</p><a href="https://www.amazon.com/dp/B0CSPT4RFH?tag=eloabder-20&linkCode=osi&th=1&psc=1">View Product</a></div><div class="product"><a href="https://www.amazon.com/dp/B01MXC0YS5?tag=eloabder-20&linkCode=osi&th=1&psc=1"><img src="https://m.media-amazon.com/images/I/41YLerNwKTL._SL500_.jpg" alt="Product Image"></a><p>Pendaflex Hanging File Folders, Letter Size, Assorted Colors, 1/5-Cut Adjustable Tabs, 25 Per Box (81663)</p><p> -7% 0FF </p><p>$13.99</p><a href="https://www.amazon.com/dp/B01MXC0YS5?tag=eloabder-20&linkCode=osi&th=1&psc=1">View Product</a></div><div class="product"><a href="https://www.amazon.com/dp/B0896Q5MMC?tag=eloabder-20&linkCode=osi&th=1&psc=1"><img src="https://m.media-amazon.com/images/I/41jDOLSqtWL._SL500_.jpg" alt="Product Image"></a><p>Pendaflex Two Tone Color File Folders, Letter Size, Assorted Colors (Teal, Violet, Gray, Navy and Burgundy), 1/3-Cut Tabs, 5 Color, 100/Box, (02315)</p><p> -27% 0FF </p><p>$13.89</p><a href="https://www.amazon.com/dp/B0896Q5MMC?tag=eloabder-20&linkCode=osi&th=1&psc=1">View Product</a></div><div class="product"><a href="https://www.amazon.com/dp/B0D1YCC6KK?tag=eloabder-20&linkCode=osi&th=1&psc=1"><img src="https://m.media-amazon.com/images/I/31aHHvZVc+L._SL500_.jpg" alt="Product Image"></a><p>SUNEE File Folders, 30 Pack Manilla Folders 8.5 x 11, Colored File Folders Home Office School Supplies for Documents Files Paper,6 Pastel Colors</p><p> -26% 0FF </p><p>$9.99</p><a href="https://www.amazon.com/dp/B0D1YCC6KK?tag=eloabder-20&linkCode=osi&th=1&psc=1">View Product</a></div>

<div class="product"><a href="https://www.amazon.com/dp/B0033J6V3A?tag=eloabder-20&linkCode=osi&th=1&psc=1"><img src="https://m.media-amazon.com/images/I/21o5ASbichL._SL500_.jpg" alt="Product Image"></a><p>NuSparc 2 Drawer Locking Filing Cabinet | Pre-Assembled Steel Construction | Space-Saving Design is Perfect for Home and Small Office | Letter-Size | Assembled in North America</p><p> -14% 0FF </p><p>$76.99</p><a href="https://www.amazon.com/dp/B0033J6V3A?tag=eloabder-20&linkCode=osi&th=1&psc=1">View Product</a></div><div class="product"><a href="https://www.amazon.com/dp/B0D9XYD75W?tag=eloabder-20&linkCode=osi&th=1&psc=1"><img src="https://m.media-amazon.com/images/I/31VM3xK++PL._SL500_.jpg" alt="Product Image"></a><p>BYNSOE 2 Drawer File Cabinet with Lock Vertical Filing Storage Cabinet Office Home Steel Vertical File Cabinets for Letter Size File Cabinet Locked,Assembly Required</p><p> -8% 0FF </p><p>$54.99</p><a href="https://www.amazon.com/dp/B0D9XYD75W?tag=eloabder-20&linkCode=osi&th=1&psc=1">View Product</a></div><div class="product"><a href="https://www.amazon.com/dp/B0989HLF81?tag=eloabder-20&linkCode=osi&th=1&psc=1"><img src="https://m.media-amazon.com/images/I/51vzgnkbcjL._SL500_.jpg" alt="Product Image"></a><p>DEVAISE 3 Drawer Mobile File Cabinet, Wood Lateral Filing Cabinet, Printer Stand with Open Shelves for Home Office, Rustic Brown</p><p> -21% 0FF </p><p>$74.99</p><a href="https://www.amazon.com/dp/B0989HLF81?tag=eloabder-20&linkCode=osi&th=1&psc=1">View Product</a></div>
<div class="product"><a href="https://www.amazon.com/dp/B00006RSQD?tag=eloabder-20&linkCode=osi&th=1&psc=1"><img src="https://m.media-amazon.com/images/I/315rez3KpeL._SL500_.jpg" alt="Product Image"></a><p>Bush Business Furniture Series C 36W Tall 5 Shelf Bookcase in Hansen Cherry, Large Storage and Display Bookshelf for Home or Professional Office</p><p> -8% 0FF </p><p>$239.49</p><a href="https://www.amazon.com/dp/B00006RSQD?tag=eloabder-20&linkCode=osi&th=1&psc=1">View Product</a></div>
<div class="product"><a href="https://www.amazon.com/dp/B09F6JPYSY?tag=eloabder-20&linkCode=osi&th=1&psc=1"><img src="https://m.media-amazon.com/images/I/51fGLH7lhHL._SL500_.jpg" alt="Product Image"></a><p>SPACELEAD Slim Storage Cart 3 Tier,Bathroom Organizer Rolling Utility,Mobile Shelving Unit Slide Out for Office, Kitchen, Laundry Room & Narrow Places,Black</p><p> -30% 0FF </p><p>$20.99</p><a href="https://www.amazon.com/dp/B09F6JPYSY?tag=eloabder-20&linkCode=osi&th=1&psc=1">View Product</a></div><div class="product"><a href="https://www.amazon.com/dp/B08KFTVGQY?tag=eloabder-20&linkCode=osi&th=1&psc=1"><img src="https://m.media-amazon.com/images/I/51BjUEmGaiL._SL500_.jpg" alt="Product Image"></a><p>SONGMICS Cube Storage Organizer, Set of 16 Plastic Cubes, Closet Organizers and Storage, Room Organization, Bedroom Living Room, 12.2 x 48.4 x 48.4 Inches, Rustic Brown ULPC442A01</p><p> -15% 0FF </p><p>$46.99</p><a href="https://www.amazon.com/dp/B08KFTVGQY?tag=eloabder-20&linkCode=osi&th=1&psc=1">View Product</a></div><div class="product"><a href="https://www.amazon.com/dp/B0DG359YX5?tag=eloabder-20&linkCode=osi&th=1&psc=1"><img src="https://m.media-amazon.com/images/I/41OBXL4HJdL._SL500_.jpg" alt="Product Image"></a><p>VIVO Clamp-on 13 inch Above or Below Desk 2-Tier Shelving Unit for Table Accessories, Gaming Devices, and More, Storage Tray, Desktop Organizer, Rustic Vintage Brown, STAND-SHELF2C-N</p><p> -20% 0FF </p><p>$39.99</p><a href="https://www.amazon.com/dp/B0DG359YX5?tag=eloabder-20&linkCode=osi&th=1&psc=1">View Product</a></div><div class="product"><a href="https://www.amazon.com/dp/B0D7S5GGP6?tag=eloabder-20&linkCode=osi&th=1&psc=1"><img src="https://m.media-amazon.com/images/I/51EriWG2BLL._SL500_.jpg" alt="Product Image"></a><p>C&AHOME Wire Cube Storage, 9 - Cube Organizer Metal C Grids, Modular Shelves Units, Closet Organizer, Ideal for Home, Office, Living Room, 36.6”L x 12.4”W x 48.4”H, Silver Gray UWCS3009G</p><p> -33% 0FF </p><p>$28.87</p><a href="https://www.amazon.com/dp/B0D7S5GGP6?tag=eloabder-20&linkCode=osi&th=1&psc=1">View Product</a></div>
<div class="product"><a href="https://www.amazon.com/dp/B0B1M6ML2J?tag=eloabder-20&linkCode=osi&th=1&psc=1"><img src="https://m.media-amazon.com/images/I/51pX2Qo38JL._SL500_.jpg" alt="Product Image"></a><p>WOWBOX 25 PCS Clear Plastic Drawer Organizer Set, 4 Sizes Desk Drawer Divider Organizers and Storage Bins for Makeup, Jewelry, Gadgets for Kitchen, Bedroom, Bathroom, Office</p><p> -35% 0FF </p><p>$16.13 ($0.65 / Count)</p><a href="https://www.amazon.com/dp/B0B1M6ML2J?tag=eloabder-20&linkCode=osi&th=1&psc=1">View Product</a></div><div class="product"><a href="https://www.amazon.com/dp/B0DB8F7GDN?tag=eloabder-20&linkCode=osi&th=1&psc=1"><img src="https://m.media-amazon.com/images/I/51iOtKHzvCL._SL500_.jpg" alt="Product Image"></a><p>OPNICE Desk Organizer and Accessories, 2-Tier Computer Monitor Stand Riser with Drawer and 2 Pen Holders, Laptop Stand, Office Desk Accessories for Office Supplies, Black</p><p> -27% 0FF </p><p>$21.99</p><a href="https://www.amazon.com/dp/B0DB8F7GDN?tag=eloabder-20&linkCode=osi&th=1&psc=1">View Product</a></div><div class="product"><a href="https://www.amazon.com/dp/B0FQ86P4M3?tag=eloabder-20&linkCode=osi&th=1&psc=1"><img src="https://m.media-amazon.com/images/I/41ZDdyGnPxL._SL500_.jpg" alt="Product Image"></a><p>Mind Reader 2-Tier Desk Organizer with Clamp, Accessory Shelf for Office or Gaming, Office, Metal, White</p><p> -5% 0FF </p><p>$37.99</p><a href="https://www.amazon.com/dp/B0FQ86P4M3?tag=eloabder-20&linkCode=osi&th=1&psc=1">View Product</a></div><div class="product"><a href="https://www.amazon.com/dp/B0BYDGF8DT?tag=eloabder-20&linkCode=osi&th=1&psc=1"><img src="https://m.media-amazon.com/images/I/51sE2GzgVNL._SL500_.jpg" alt="Product Image"></a><p>OPNICE Desk Organizer and Accessories, 4-Tier Desktop File Organizer with Drawer and 2 Pen Holders, Office Desk Accessories, Workspace Organizers for Office Supplies(Black)</p><p> -33% 0FF </p><p>$19.99</p><a href="https://www.amazon.com/dp/B0BYDGF8DT?tag=eloabder-20&linkCode=osi&th=1&psc=1">View Product</a></div><div class="product"><a href="https://www.amazon.com/dp/B0DJKSMV2T?tag=eloabder-20&linkCode=osi&th=1&psc=1"><img src="https://m.media-amazon.com/images/I/41gO3CCIg1L._SL500_.jpg" alt="Product Image"></a><p>gianotter Dual Monitor Stand Riser, Desk Organizer With Drawer and 2 Pen Holders, Computer Monitor Stand, Shelf for Top of Desk, Black</p><p> -28% 0FF </p><p>$25.99</p><a href="https://www.amazon.com/dp/B0DJKSMV2T?tag=eloabder-20&linkCode=osi&th=1&psc=1">View Product</a></div><div class="product"><a href="https://www.amazon.com/dp/B0BWTT3WK1?tag=eloabder-20&linkCode=osi&th=1&psc=1"><img src="https://m.media-amazon.com/images/I/51JTe2SjicL._SL500_.jpg" alt="Product Image"></a><p>gianotter Desk Organizers and Accessories with File Holder, 4-Tier Desk Accessories & Workspace Organizers with Drawer and 2 Pen Holder, Paper Organizer for Office Supplies (Rose Gold)</p><p> -27% 0FF </p><p>$23.99</p><a href="https://www.amazon.com/dp/B0BWTT3WK1?tag=eloabder-20&linkCode=osi&th=1&psc=1">View Product</a></div><div class="product"><a href="https://www.amazon.com/dp/B09QKDY1YY?tag=eloabder-20&linkCode=osi&th=1&psc=1"><img src="https://m.media-amazon.com/images/I/519UVM73B6L._SL500_.jpg" alt="Product Image"></a><p>Supeasy 5 Trays Paper Organizer Letter Tray with Handle-Mesh Desk File Organizer, Paper Sorter Desk Organizer for Office, Home or School</p><p> -17% 0FF </p><p>$19.99</p><a href="https://www.amazon.com/dp/B09QKDY1YY?tag=eloabder-20&linkCode=osi&th=1&psc=1">View Product</a></div><div class="product"><a href="https://www.amazon.com/dp/B08PBFKGJG?tag=eloabder-20&linkCode=osi&th=1&psc=1"><img src="https://m.media-amazon.com/images/I/61WfW0WLsqL._SL500_.jpg" alt="Product Image"></a><p>Marbrasse 6 Tier Paper Organizer Letter Tray - Mesh Desk File Organizer with Handle, Paper Sorter Organizer for Letter/A4 Office File Folder Holder - Black</p><p> -23% 0FF </p><p>$19.98</p><a href="https://www.amazon.com/dp/B08PBFKGJG?tag=eloabder-20&linkCode=osi&th=1&psc=1">View Product</a></div><div class="product"><a href="https://www.amazon.com/dp/B09K5927B5?tag=eloabder-20&linkCode=osi&th=1&psc=1"><img src="https://m.media-amazon.com/images/I/51u5tZ4jR6L._SL500_.jpg" alt="Product Image"></a><p>Marbrasse Desk Organizer with File Holder, 5-Tier Paper Letter Tray Organizer with Drawer and 2 Pen Holder, Mesh Desktop Organizer and Storage with Magazine Holder for Office Supplies(Black)</p><p> -24% 0FF </p><p>$33.99</p><a href="https://www.amazon.com/dp/B09K5927B5?tag=eloabder-20&linkCode=osi&th=1&psc=1">View Product</a></div>
<div class="product"><a href="https://www.amazon.com/dp/B0CNXF7SVS?tag=eloabder-20&linkCode=osi&th=1&psc=1"><img src="https://m.media-amazon.com/images/I/51a6EswyTZL._SL500_.jpg" alt="Product Image"></a><p>Manalete Drawer Organizers Set of 15, 4 Sizes Clear Plastic Drawer Organizers and Storage Bins for Kitchen, Bathroom, Office, Dresser Desk Drawer Organizer Tray for Jewelry, Makeup, Junk, Gadgets</p><p> -29% 0FF </p><p>$9.99</p><a href="https://www.amazon.com/dp/B0CNXF7SVS?tag=eloabder-20&linkCode=osi&th=1&psc=1">View Product</a></div><div class="product"><a href="https://www.amazon.com/dp/B0CCY5X6SS?tag=eloabder-20&linkCode=osi&th=1&psc=1"><img src="https://m.media-amazon.com/images/I/41Iye-vPXJL._SL500_.jpg" alt="Product Image"></a><p>Bamboo Drawer Organizer Set, 5 PCS Multi-Use Individual Wood Storage Organizers, Junk Drawer Divider and Storage Trays Containers for Kitchen, Bathroom, Office Desk, Makeup, Jewelry, Utensils</p><p> -20% 0FF </p><p>$19.99 ($4.00 / Count)</p><a href="https://www.amazon.com/dp/B0CCY5X6SS?tag=eloabder-20&linkCode=osi&th=1&psc=1">View Product</a></div><div class="product"><a href="https://www.amazon.com/dp/B0CCDJQ7MM?tag=eloabder-20&linkCode=osi&th=1&psc=1"><img src="https://m.media-amazon.com/images/I/51kU0WJxdsL._SL500_.jpg" alt="Product Image"></a><p>Marbrasse Expandable Desk Drawer Organizer, Mesh Drawer Organizer Tray with 10 Adjustable Compartments, Desk Organizers and Accessories, 5 Dividers Drawer for Office Supplies, Makeup & Vanity (Black)</p><p> -15% 0FF </p><p>$17.84</p><a href="https://www.amazon.com/dp/B0CCDJQ7MM?tag=eloabder-20&linkCode=osi&th=1&psc=1">View Product</a></div><div class="product"><a href="https://www.amazon.com/dp/B0DM27MBZN?tag=eloabder-20&linkCode=osi&th=1&psc=1"><img src="https://m.media-amazon.com/images/I/41hAfSMnrZL._SL500_.jpg" alt="Product Image"></a><p>ElegantArray 12 PCS Drawer Organizer Set, 4 Sizes Storage Drawer Units, Clear Plastic Makeup Vanity Organizer and Storage Bins for Makeup, Stationeries, Multiple Gadgets for Bathroom, Office, Bedroom</p><p> -31% 0FF </p><p>$8.99</p><a href="https://www.amazon.com/dp/B0DM27MBZN?tag=eloabder-20&linkCode=osi&th=1&psc=1">View Product</a></div>
<div class="product"><a href="https://www.amazon.com/dp/B0C4T42TPC?tag=eloabder-20&linkCode=osi&th=1&psc=1"><img src="https://m.media-amazon.com/images/I/318IsyAsPXL._SL500_.jpg" alt="Product Image"></a><p>Adjustable Mobile CPU Stand, Ventilated Computer Tower Stand with 4 Caster Wheels Fits Most PC Tower, Under Desk CPU Holder PC Floor Cart Computer Riser for Gamers and Students (Black)</p><p> -21% 0FF </p><p>$14.21</p><a href="https://www.amazon.com/dp/B0C4T42TPC?tag=eloabder-20&linkCode=osi&th=1&psc=1">View Product</a></div><div class="product"><a href="https://www.amazon.com/dp/B094QTGHNZ?tag=eloabder-20&linkCode=osi&th=1&psc=1"><img src="https://m.media-amazon.com/images/I/31VzBQ+jwWL._SL500_.jpg" alt="Product Image"></a><p>WALI Computer Monitor Stand for Desk, Adjustable Laptop Riser, Desk Monitor Stand Underneath Storage for Office, Home, School Supplies (STT003), 1 Pack, Black</p><p> -32% 0FF </p><p>$16.99</p><a href="https://www.amazon.com/dp/B094QTGHNZ?tag=eloabder-20&linkCode=osi&th=1&psc=1">View Product</a></div><div class="product"><a href="https://www.amazon.com/dp/B07H4DMLVH?tag=eloabder-20&linkCode=osi&th=1&psc=1"><img src="https://m.media-amazon.com/images/I/31eTfKhpSWL._SL500_.jpg" alt="Product Image"></a><p>HUANUO Monitor Stand, Monitor Stand Riser 3 Height Adjustable, Monitor Riser with Airflow Vents, Laptop Stand for Desk, Laptop Riser, Desk Organizer for Monitor, 15.6" Laptop, PC, Printer</p><p> -11% 0FF </p><p>$15.19</p><a href="https://www.amazon.com/dp/B07H4DMLVH?tag=eloabder-20&linkCode=osi&th=1&psc=1">View Product</a></div><div class="product"><a href="https://www.amazon.com/dp/B0D69W6H91?tag=eloabder-20&linkCode=osi&th=1&psc=1"><img src="https://m.media-amazon.com/images/I/51rQI+gi3lL._SL500_.jpg" alt="Product Image"></a><p>JANE EYRE Computer Tower Stand - Adjustable PC Tower Stand CPU Holder Cart with Charging Station for Office Home Classroom,23.03"-28.3" H, black</p><p> -10% 0FF </p><p>$53.99</p><a href="https://www.amazon.com/dp/B0D69W6H91?tag=eloabder-20&linkCode=osi&th=1&psc=1">View Product</a></div><div class="product"><a href="https://www.amazon.com/dp/B0C4T34L9Y?tag=eloabder-20&linkCode=osi&th=1&psc=1"><img src="https://m.media-amazon.com/images/I/51BNMGXNOEL._SL500_.jpg" alt="Product Image"></a><p>BONTEC Wooden Monitor Stand Riser, 2-Tier Desk Shelf with Storage Organizer, Ergonomic Computer Stand with Cable Management, Cellphone Holder, White, 16.5 Inch</p><p> -33% 0FF </p><p>$18.04</p><a href="https://www.amazon.com/dp/B0C4T34L9Y?tag=eloabder-20&linkCode=osi&th=1&psc=1">View Product</a></div><div class="product"><a href="https://www.amazon.com/dp/B08BRCT4JH?tag=eloabder-20&linkCode=osi&th=1&psc=1"><img src="https://m.media-amazon.com/images/I/41Ga6A+cXbL._SL500_.jpg" alt="Product Image"></a><p>BESIGN LS03 Aluminum Laptop Stand, Ergonomic Detachable Computer Stand, Notebook Riser Compatible with Air, Pro, Dell, HP, Lenovo More 10-15.6" Laptops, Silver</p><p> -25% 0FF </p><p>$14.98</p><a href="https://www.amazon.com/dp/B08BRCT4JH?tag=eloabder-20&linkCode=osi&th=1&psc=1">View Product</a></div>
<div class="product"><a href="https://www.amazon.com/dp/B07Q79ZZJ6?tag=eloabder-20&linkCode=osi&th=1&psc=1"><img src="https://m.media-amazon.com/images/I/31-LBzENQIL._SL500_.jpg" alt="Product Image"></a><p>Single LCD Computer Monitor Free-Standing Desk Stand Mount Riser for 13 inch to 32 inch screen with Swivel, Height Adjustable, Rotation, Vesa Base Stand Holds One (1) Screen up to 77Lbs(HT05B-001))</p><p> -34% 0FF </p><p>$21.99</p><a href="https://www.amazon.com/dp/B07Q79ZZJ6?tag=eloabder-20&linkCode=osi&th=1&psc=1">View Product</a></div><div class="product"><a href="https://www.amazon.com/dp/B082845XM8?tag=eloabder-20&linkCode=osi&th=1&psc=1"><img src="https://m.media-amazon.com/images/I/41uRH1B7HgL._SL500_.jpg" alt="Product Image"></a><p>Dual Monitor Stand - Vertical Stack Screen Free-Standing Monitor Riser Fits Two 13 to 34 Inch Screen with Swivel, Tilt, Height Adjustable, Holds One (1) Screen Up to 44Lbs</p><p> -5% 0FF </p><p>$31.56</p><a href="https://www.amazon.com/dp/B082845XM8?tag=eloabder-20&linkCode=osi&th=1&psc=1">View Product</a></div><div class="product"><a href="https://www.amazon.com/dp/B00X4SCCFG?tag=eloabder-20&linkCode=osi&th=1&psc=1"><img src="https://m.media-amazon.com/images/I/21X2klzUZGL._SL500_.jpg" alt="Product Image"></a><p>Amazon Basics Height Adjustable Rectangular Computer Monitor Riser Desk Stand with Storage for Reduced Neck Strain - Fits Monitors, Laptops Up to 22lbs, Black</p><p> -35% 0FF </p><p>$14.06</p><a href="https://www.amazon.com/dp/B00X4SCCFG?tag=eloabder-20&linkCode=osi&th=1&psc=1">View Product</a></div>
<div class="product"><a href="https://www.amazon.com/dp/B07HFDJCSL?tag=eloabder-20&linkCode=osi&th=1&psc=1"><img src="https://m.media-amazon.com/images/I/41DR7qY1naL._SL500_.jpg" alt="Product Image"></a><p>VIVO Large Keyboard Tray Under Desk Pull Out with Extra Sturdy C Clamp Mount System, 27 (33 Including Clamps) x 11 Inch Slide-Out Platform Computer Drawer for Typing, Black, MOUNT-KB05E</p><p> -17% 0FF </p><p>$49.99</p><a href="https://www.amazon.com/dp/B07HFDJCSL?tag=eloabder-20&linkCode=osi&th=1&psc=1">View Product</a></div><div class="product"><a href="https://www.amazon.com/dp/B082NKBM62?tag=eloabder-20&linkCode=osi&th=1&psc=1"><img src="https://m.media-amazon.com/images/I/41qQ3p9-mrL._SL500_.jpg" alt="Product Image"></a><p>HUANUO Keyboard Tray Under Desk, 360 Adjustable Ergonomic Sliding Keyboard & Mouse Tray, Under Desk Keyboard Tray Slide Out, Keyboard Holder Under Desk for Typing in Home, Office Work, 25"W x 9.84"D</p><p> -33% 0FF </p><p>$59.98</p><a href="https://www.amazon.com/dp/B082NKBM62?tag=eloabder-20&linkCode=osi&th=1&psc=1">View Product</a></div><div class="product"><a href="https://www.amazon.com/dp/B0F23GTKHL?tag=eloabder-20&linkCode=osi&th=1&psc=1"><img src="https://m.media-amazon.com/images/I/41dmHoeznDL._SL500_.jpg" alt="Product Image"></a><p>Zontera Ergonomic Mouse & Keyboard Tray Under Desk, Pull Out with Adjustable C-clamp, 20 (25.9 Including Clamps) x 11.8 Inch Slide Out Computer Keyboard Drawer Mouse Tray for Typing, Black</p><p> -7% 0FF </p><p>$25.99</p><a href="https://www.amazon.com/dp/B0F23GTKHL?tag=eloabder-20&linkCode=osi&th=1&psc=1">View Product</a></div><div class="product"><a href="https://www.amazon.com/dp/B01IIGMBVI?tag=eloabder-20&linkCode=osi&th=1&psc=1"><img src="https://m.media-amazon.com/images/I/21Vw8003F0L._SL500_.jpg" alt="Product Image"></a><p>Alera ALE Valencia Series Underdesk Keyboard/Mouse Shelf, 28w x 12d, Black</p><p> -50% 0FF </p><p>$29.22</p><a href="https://www.amazon.com/dp/B01IIGMBVI?tag=eloabder-20&linkCode=osi&th=1&psc=1">View Product</a></div>
<div class="product"><a href="https://www.amazon.com/dp/B07C3XZMC6?tag=eloabder-20&linkCode=osi&th=1&psc=1"><img src="https://m.media-amazon.com/images/I/31Eojf7glwL._SL500_.jpg" alt="Product Image"></a><p>JIKIOU 3 Pack Mouse Pad with Stitched Edge, Comfortable Mouse Pads with Non-Slip Rubber Base, Washable Mousepads Bulk with Comfortable Cloth, Mouse Pads for Computers Laptop Mouse 10.2x8.3inch Black</p><p> -29% 0FF </p><p>$7.99</p><a href="https://www.amazon.com/dp/B07C3XZMC6?tag=eloabder-20&linkCode=osi&th=1&psc=1">View Product</a></div><div class="product"><a href="https://www.amazon.com/dp/B085XRMSTT?tag=eloabder-20&linkCode=osi&th=1&psc=1"><img src="https://m.media-amazon.com/images/I/31aDSI0sFoL._SL500_.jpg" alt="Product Image"></a><p>EooCoo Ergonomic Mouse Pad with Wrist Support, Mousepad with Memory Foam Wrist Rest and Non-Slip Base for Computer, Cafe, Home & Office, 9.64 x 8.26 in Office Desk Accessories</p><p> -36% 0FF </p><p>$6.99</p><a href="https://www.amazon.com/dp/B085XRMSTT?tag=eloabder-20&linkCode=osi&th=1&psc=1">View Product</a></div>
<div class="product"><a href="https://www.amazon.com/dp/B0BRCJL4MM?tag=eloabder-20&linkCode=osi&th=1&psc=1"><img src="https://m.media-amazon.com/images/I/41sggzaNbPL._SL500_.jpg" alt="Product Image"></a><p>Led Desk Lamp for Office Home - Eye Caring Architect lamp with Clamp,Dual Screen Computer Monitor Gooseneck Smart Light: 24W 5 Color Flexible Adjustable Lighting Table Lamp for Study Drafting</p><p> -13% 0FF </p><p>$69.99</p><a href="https://www.amazon.com/dp/B0BRCJL4MM?tag=eloabder-20&linkCode=osi&th=1&psc=1">View Product</a></div><div class="product"><a href="https://www.amazon.com/dp/B0BNHNG5CY?tag=eloabder-20&linkCode=osi&th=1&psc=1"><img src="https://m.media-amazon.com/images/I/51ccmdZe2YL._SL500_.jpg" alt="Product Image"></a><p>Micomlan Led Desk Lamp with Clamp, Architect Desk Lamp for Home Office with Atmosphere Lighting, 24W Ultra Bright Auto Dimming Computer Light Stepless Dimming and Tempering LED Table Light</p><p> -27% 0FF </p><p>$49.99</p><a href="https://www.amazon.com/dp/B0BNHNG5CY?tag=eloabder-20&linkCode=osi&th=1&psc=1">View Product</a></div><div class="product"><a href="https://www.amazon.com/dp/B078W61H9P?tag=eloabder-20&linkCode=osi&th=1&psc=1"><img src="https://m.media-amazon.com/images/I/31aebwb3nqL._SL500_.jpg" alt="Product Image"></a><p>LEPOWER Metal Desk Lamp, Eye-Caring Table Lamp, Study Lamps with Flexible Goose Neck for Bedroom, Home Office (Matte Black)</p><p> -24% 0FF </p><p>$24.99</p><a href="https://www.amazon.com/dp/B078W61H9P?tag=eloabder-20&linkCode=osi&th=1&psc=1">View Product</a></div><div class="product"><a href="https://www.amazon.com/dp/B0D1DLY4H4?tag=eloabder-20&linkCode=osi&th=1&psc=1"><img src="https://m.media-amazon.com/images/I/41sKiuSIwRL._SL500_.jpg" alt="Product Image"></a><p>SKYLEO Led Desk Lamp - Desk Light for 31.5" Tall - 5 Color Modes X 11 Brightness Levels - Adjustable Swing Arm - Timmer & Memory Function - 12W Lamp for Desk - Black</p><p> -23% 0FF </p><p>$19.99</p><a href="https://www.amazon.com/dp/B0D1DLY4H4?tag=eloabder-20&linkCode=osi&th=1&psc=1">View Product</a></div><div class="product"><a href="https://www.amazon.com/dp/B0D2LGK82V?tag=eloabder-20&linkCode=osi&th=1&psc=1"><img src="https://m.media-amazon.com/images/I/41UpQ-qygDL._SL500_.jpg" alt="Product Image"></a><p>Addtam LED Desk Lamp, Power Strip with 3 Outlets 4 USB Charging Ports(2 USBC), 4 Modes 5 Level Brightness Touch Lamp, Small Desk Lamp for Home Office College Dorm Room Essentials</p><p> -23% 0FF </p><p>$16.99</p><a href="https://www.amazon.com/dp/B0D2LGK82V?tag=eloabder-20&linkCode=osi&th=1&psc=1">View Product</a></div><div class="product"><a href="https://www.amazon.com/dp/B08LMTQ7ZF?tag=eloabder-20&linkCode=osi&th=1&psc=1"><img src="https://m.media-amazon.com/images/I/21vKPX2KHML._SL500_.jpg" alt="Product Image"></a><p>Lepro LED Desk Lamp for Home Office, 9.5W 750LM Metal Touch Control Desk Light, 5 Color Modes 5 Brightness Level, Eye Caring Task Lamp For Reading, Sewing, Crafts, School Supplies, Puzzle Light, Black</p><p> -13% 0FF </p><p>$24.99</p><a href="https://www.amazon.com/dp/B08LMTQ7ZF?tag=eloabder-20&linkCode=osi&th=1&psc=1">View Product</a></div>
<div class="product"><a href="https://www.amazon.com/dp/B0D7BXNDP4?tag=eloabder-20&linkCode=osi&th=1&psc=1"><img src="https://m.media-amazon.com/images/I/41DuEunZ1+L._SL500_.jpg" alt="Product Image"></a><p>Monitor Fan with Clamp & Light Bar Desk Lamp with fan for Office mini Desk fan small quiet with lamp for PC Laptops Tablet for Home Office Portable Working Reading Stand Lamp</p><p> -5% 0FF </p><p>$15.19</p><a href="https://www.amazon.com/dp/B0D7BXNDP4?tag=eloabder-20&linkCode=osi&th=1&psc=1">View Product</a></div><div class="product"><a href="https://www.amazon.com/dp/B07K1D41DC?tag=eloabder-20&linkCode=osi&th=1&psc=1"><img src="https://m.media-amazon.com/images/I/310MAouNV-L._SL500_.jpg" alt="Product Image"></a><p>OttLite Cool Breeze LED Lamp with Bladeless Fan - 3 Speed Options & 5 Brightness Settings with Energy Efficient Natural Daylight LEDs - Desktop, Table or Nightstand Lamp for Studying or Reading</p><p> -14% 0FF </p><p>$89.98</p><a href="https://www.amazon.com/dp/B07K1D41DC?tag=eloabder-20&linkCode=osi&th=1&psc=1">View Product</a></div>
<div class="product"><a href="https://www.amazon.com/dp/B0CXSXL1F2?tag=eloabder-20&linkCode=osi&th=1&psc=1"><img src="https://m.media-amazon.com/images/I/41H6cndt7iL._SL500_.jpg" alt="Product Image"></a><p>9 Pack Lined Sticky Notes 4x6 in Post Sticky Notes with Lines, 9 Bright Colors Self Sticky Notes Pad Its, Large Ruled Sticky Note for Office, Home, 35 Sheets/Pad</p><p> -33% 0FF </p><p>$7.99</p><a href="https://www.amazon.com/dp/B0CXSXL1F2?tag=eloabder-20&linkCode=osi&th=1&psc=1">View Product</a></div><div class="product"><a href="https://www.amazon.com/dp/B019QROV9S?tag=eloabder-20&linkCode=osi&th=1&psc=1"><img src="https://m.media-amazon.com/images/I/51OsStyntzL._SL500_.jpg" alt="Product Image"></a><p>Sharpie Clear View Highlighter Sticks, Chisel Tip, Assorted Fluorescent, 8 Count - School, Home, and Office Use, Teacher Supplies</p><p> -23% 0FF </p><p>$13.86</p><a href="https://www.amazon.com/dp/B019QROV9S?tag=eloabder-20&linkCode=osi&th=1&psc=1">View Product</a></div>
<div class="product"><a href="https://www.amazon.com/dp/B082PN4X5J?tag=eloabder-20&linkCode=osi&th=1&psc=1"><img src="https://m.media-amazon.com/images/I/51o+eA8g6nL._SL500_.jpg" alt="Product Image"></a><p>Sharpie S-Gel Gel Pens, Black Barrel, Medium Point (0.7mm), Black Gel Ink Pens, 12 Count - Home, Office, School, Journaling, Writing, Note-Taking, Teacher Supplies</p><p> -14% 0FF </p><p>$11.97</p><a href="https://www.amazon.com/dp/B082PN4X5J?tag=eloabder-20&linkCode=osi&th=1&psc=1">View Product</a></div><div class="product"><a href="https://www.amazon.com/dp/B0C9W8DD9S?tag=eloabder-20&linkCode=osi&th=1&psc=1"><img src="https://m.media-amazon.com/images/I/41mdSvEwNZL._SL500_.jpg" alt="Product Image"></a><p>Ddaowanx Gel Pens, 6 Pcs 0.5mm Quick Dry Black Ink Pens Fine Point Smooth Writing Pens, Cute Office School Supplies Gifts for Women</p><p> -10% 0FF </p><p>$8.99</p><a href="https://www.amazon.com/dp/B0C9W8DD9S?tag=eloabder-20&linkCode=osi&th=1&psc=1">View Product</a></div><div class="product"><a href="https://www.amazon.com/dp/B019QBOG3U?tag=eloabder-20&linkCode=osi&th=1&psc=1"><img src="https://m.media-amazon.com/images/I/416PjSebDoL._SL500_.jpg" alt="Product Image"></a><p>Paper Mate Colorful Gel Pens - InkJoy Gel Pens Assorted Medium Point (0.7). Perfect for Vibrant Colored Writing and Sketching with Paper Mate InkJoy 14 Count</p><p> -18% 0FF </p><p>$10.31</p><a href="https://www.amazon.com/dp/B019QBOG3U?tag=eloabder-20&linkCode=osi&th=1&psc=1">View Product</a></div><div class="product"><a href="https://www.amazon.com/dp/B0C73JDN4S?tag=eloabder-20&linkCode=osi&th=1&psc=1"><img src="https://m.media-amazon.com/images/I/51DJUUxL7HL._SL500_.jpg" alt="Product Image"></a><p>Linbsunne Ballpoint Pens Black Medium Point 1mm Pen with Super Soft Grip Ball Point Pen for Men Women Retractable Pens (gold-12 pcs)</p><p> -10% 0FF </p><p>$8.99</p><a href="https://www.amazon.com/dp/B0C73JDN4S?tag=eloabder-20&linkCode=osi&th=1&psc=1">View Product</a></div><div class="product"><a href="https://www.amazon.com/dp/B001OTA66O?tag=eloabder-20&linkCode=osi&th=1&psc=1"><img src="https://m.media-amazon.com/images/I/41yS5tBZQLL._SL500_.jpg" alt="Product Image"></a><p>BIC Glide Black Retractable Ballpoint Pens, Medium Point (1.0mm), 4-Count Pack, Ultra Smooth Writing Black Pens</p><p> -40% 0FF </p><p>$2.99</p><a href="https://www.amazon.com/dp/B001OTA66O?tag=eloabder-20&linkCode=osi&th=1&psc=1">View Product</a></div>
<div class="product"><a href="https://www.amazon.com/dp/B002HVXXCW?tag=eloabder-20&linkCode=osi&th=1&psc=1"><img src="https://m.media-amazon.com/images/I/41JeEedXCeL._SL500_.jpg" alt="Product Image"></a><p>Ticonderoga Wood-Cased Pencils, Pre-Sharpened, 2 HB Soft, Yellow, 10 Count</p><p> -58% 0FF </p><p>$2.49</p><a href="https://www.amazon.com/dp/B002HVXXCW?tag=eloabder-20&linkCode=osi&th=1&psc=1">View Product</a></div><div class="product"><a href="https://www.amazon.com/dp/B077Q4B6YN?tag=eloabder-20&linkCode=osi&th=1&psc=1"><img src="https://m.media-amazon.com/images/I/4160YcHGDNL._SL500_.jpg" alt="Product Image"></a><p>Paper Mate 2017483 Mechanical Pencils for Handwriting, Triangular, 5/PK, AST</p><p> -45% 0FF </p><p>$3.47</p><a href="https://www.amazon.com/dp/B077Q4B6YN?tag=eloabder-20&linkCode=osi&th=1&psc=1">View Product</a></div>
<div class="product"><a href="https://www.amazon.com/dp/B0D7YTZNRF?tag=eloabder-20&linkCode=osi&th=1&psc=1"><img src="https://m.media-amazon.com/images/I/41hSbSlNAmL._SL500_.jpg" alt="Product Image"></a><p>YASNAY Alcohol Markers, 48 Colors Dual Tip Art Marker, Drawing Markers, Coloring Marker for Kids Sketching Adult Coloring</p><p> -27% 0FF </p><p>$10.99</p><a href="https://www.amazon.com/dp/B0D7YTZNRF?tag=eloabder-20&linkCode=osi&th=1&psc=1">View Product</a></div><div class="product"><a href="https://www.amazon.com/dp/B07CJ8QXF8?tag=eloabder-20&linkCode=osi&th=1&psc=1"><img src="https://m.media-amazon.com/images/I/51bChi4-H4L._SL500_.jpg" alt="Product Image"></a><p>Dual Markers Brush Pens, 36 Fine Point Art Marker, Double Tip Colored Pen for Adult Coloring Hand Lettering, School Classroom Art Suppliers</p><p> -20% 0FF </p><p>$7.98</p><a href="https://www.amazon.com/dp/B07CJ8QXF8?tag=eloabder-20&linkCode=osi&th=1&psc=1">View Product</a></div><div class="product"><a href="https://www.amazon.com/dp/B071CP6X88?tag=eloabder-20&linkCode=osi&th=1&psc=1"><img src="https://m.media-amazon.com/images/I/41sNeEYkTNL._SL500_.jpg" alt="Product Image"></a><p>Crayola Super Tips Marker Set for Kids (100ct), Broad Tip & Fine Point Washable Art Markers for Kids, Bulk School Supplies, Teacher Classroom Must Haves, Drawing Supplies</p><p> -19% 0FF </p><p>$16.29</p><a href="https://www.amazon.com/dp/B071CP6X88?tag=eloabder-20&linkCode=osi&th=1&psc=1">View Product</a></div><div class="product"><a href="https://www.amazon.com/dp/B08MBFPFCQ?tag=eloabder-20&linkCode=osi&th=1&psc=1"><img src="https://m.media-amazon.com/images/I/51DaGL7Z4oL._SL500_.jpg" alt="Product Image"></a><p>Sharpie Permanent Markers Variety Pack, Includes Chisel, Fine, and Ultra-Fine Tips, Marker Set, Writing, Coloring, Poster, Office, School Supplies, Black, 6 Count</p><p> -19% 0FF </p><p>$4.63 ($0.77 / Count)</p><a href="https://www.amazon.com/dp/B08MBFPFCQ?tag=eloabder-20&linkCode=osi&th=1&psc=1">View Product</a></div>
<div class="product"><a href="https://www.amazon.com/dp/B09Y2KJ2KX?tag=eloabder-20&linkCode=osi&th=1&psc=1"><img src="https://m.media-amazon.com/images/I/41EhQr7suML._SL500_.jpg" alt="Product Image"></a><p>Sharpie Pocket Highlighters, Mild Pastel Colors, Assorted, Chisel Tip, 12 Count - School, Home, and Office Use, Teacher Supplies</p><p> -22% 0FF </p><p>$7.76 ($0.65 / Count)</p><a href="https://www.amazon.com/dp/B09Y2KJ2KX?tag=eloabder-20&linkCode=osi&th=1&psc=1">View Product</a></div><div class="product"><a href="https://www.amazon.com/dp/B08698MJWT?tag=eloabder-20&linkCode=osi&th=1&psc=1"><img src="https://m.media-amazon.com/images/I/512N7aYt5oL._SL500_.jpg" alt="Product Image"></a><p>Sharpie S-Note Creative Markers, Pastel Highlighters, Art Marker Set, Assorted Colors, Chisel Tip, 24 Count - School, Home, and Office Use, Teacher Supplies</p><p> -60% 0FF </p><p>$8.83</p><a href="https://www.amazon.com/dp/B08698MJWT?tag=eloabder-20&linkCode=osi&th=1&psc=1">View Product</a></div>
<div class="product"><a href="https://www.amazon.com/dp/B097DPQPYN?tag=eloabder-20&linkCode=osi&th=1&psc=1"><img src="https://m.media-amazon.com/images/I/51nFyQPtfkL._SL500_.jpg" alt="Product Image"></a><p>Sonuimy Pencil Sharpeners, 4 Pcs Pencil Sharpeners Manual,Dual Holes Compact Colored Handheld Pencil Sharpener for Kids with Lid Adults Students School Class Home Office (Covered)</p><p> -13% 0FF </p><p>$4.49</p><a href="https://www.amazon.com/dp/B097DPQPYN?tag=eloabder-20&linkCode=osi&th=1&psc=1">View Product</a></div><div class="product"><a href="https://www.amazon.com/dp/B000MFN1G8?tag=eloabder-20&linkCode=osi&th=1&psc=1"><img src="https://m.media-amazon.com/images/I/41JPflroUEL._SL500_.jpg" alt="Product Image"></a><p>Compact Desktop Electric Pencil Sharpener, Black, Sold as 1 Each</p><p> -21% 0FF </p><p>$15.89</p><a href="https://www.amazon.com/dp/B000MFN1G8?tag=eloabder-20&linkCode=osi&th=1&psc=1">View Product</a></div><div class="product"><a href="https://www.amazon.com/dp/B00125KXGI?tag=eloabder-20&linkCode=osi&th=1&psc=1"><img src="https://m.media-amazon.com/images/I/51avY0bZv6L._SL500_.jpg" alt="Product Image"></a><p>Bostitch Office Personal Electric Pencil Sharpener, Powerful Stall-Free Motor, High Capacity Shavings Tray, Blue</p><p> -13% 0FF </p><p>$17.48</p><a href="https://www.amazon.com/dp/B00125KXGI?tag=eloabder-20&linkCode=osi&th=1&psc=1">View Product</a></div><div class="product"><a href="https://www.amazon.com/dp/B078DZY9Z5?tag=eloabder-20&linkCode=osi&th=1&psc=1"><img src="https://m.media-amazon.com/images/I/41KbUFGrXfL._SL500_.jpg" alt="Product Image"></a><p>JARLINK Electric Pencil Sharpener, Heavy-Duty Helical Blade to Fast Sharpen, Auto Stop for No.2/Colored Pencils(6-8mm), AC Adapter/Battery Operated in School Classroom/Office/Home (Black)</p><p> -21% 0FF </p><p>$16.98</p><a href="https://www.amazon.com/dp/B078DZY9Z5?tag=eloabder-20&linkCode=osi&th=1&psc=1">View Product</a></div><div class="product"><a href="https://www.amazon.com/dp/B08DLXH86D?tag=eloabder-20&linkCode=osi&th=1&psc=1"><img src="https://m.media-amazon.com/images/I/41UghsnBycL._SL500_.jpg" alt="Product Image"></a><p>Aogwat Pencil Sharpener Electric Pencil Sharpener for Kids, Blade to Fast Sharpen, Suitable for No.2/School/Classroom/Office/Home (Black)</p><p> -23% 0FF </p><p>$9.99</p><a href="https://www.amazon.com/dp/B08DLXH86D?tag=eloabder-20&linkCode=osi&th=1&psc=1">View Product</a></div><div class="product"><a href="https://www.amazon.com/dp/B000GP0VIU?tag=eloabder-20&linkCode=osi&th=1&psc=1"><img src="https://m.media-amazon.com/images/I/318OKKSwzbL._SL500_.jpg" alt="Product Image"></a><p>Bostitch Office Wall Mount Manual Pencil Sharpener, Tip Saver, 8 Hole Dial, 6X Longer Cutter Life, Vertical or Horizontal Mounting Black (MPS1-BLK)</p><p> -9% 0FF </p><p>$13.18</p><a href="https://www.amazon.com/dp/B000GP0VIU?tag=eloabder-20&linkCode=osi&th=1&psc=1">View Product</a></div>
<div class="product"><a href="https://www.amazon.com/dp/B00094H4LU?tag=eloabder-20&linkCode=osi&th=1&psc=1"><img src="https://m.media-amazon.com/images/I/41f-fbZYU1L._SL500_.jpg" alt="Product Image"></a><p>Paper Mate Erasers | Pink Pearl Large Erasers 12 Count</p><p> -55% 0FF </p><p>$6.03</p><a href="https://www.amazon.com/dp/B00094H4LU?tag=eloabder-20&linkCode=osi&th=1&psc=1">View Product</a></div><div class="product"><a href="https://www.amazon.com/dp/B07DPVVMWB?tag=eloabder-20&linkCode=osi&th=1&psc=1"><img src="https://m.media-amazon.com/images/I/51wLlsENgiL._SL500_.jpg" alt="Product Image"></a><p>Mr. Pen Erasers for Pencils, 120 Pack, Pencil Top Erasers, Eraser Caps, Cap Tops, Topper Erasers. Ereaser</p><p> -24% 0FF </p><p>$5.95</p><a href="https://www.amazon.com/dp/B07DPVVMWB?tag=eloabder-20&linkCode=osi&th=1&psc=1">View Product</a></div><div class="product"><a href="https://www.amazon.com/dp/B07144DC8V?tag=eloabder-20&linkCode=osi&th=1&psc=1"><img src="https://m.media-amazon.com/images/I/51Ed1+HW9cL._SL500_.jpg" alt="Product Image"></a><p>Pentel Hi-Polymer Block Eraser, White, 10/Box (ZEH10PC10)</p><p> -44% 0FF </p><p>$9.99</p><a href="https://www.amazon.com/dp/B07144DC8V?tag=eloabder-20&linkCode=osi&th=1&psc=1">View Product</a></div><div class="product"><a href="https://www.amazon.com/dp/B0047CT6SE?tag=eloabder-20&linkCode=osi&th=1&psc=1"><img src="https://m.media-amazon.com/images/I/41bhWXKeeiL._SL500_.jpg" alt="Product Image"></a><p>Pentel Clic Retractable Eraser with Grip, 3 Pack</p><p> -29% 0FF </p><p>$4.77</p><a href="https://www.amazon.com/dp/B0047CT6SE?tag=eloabder-20&linkCode=osi&th=1&psc=1">View Product</a></div>
<div class="product"><a href="https://www.amazon.com/dp/B09S9X3HV7?tag=eloabder-20&linkCode=osi&th=1&psc=1"><img src="https://m.media-amazon.com/images/I/51GgMyfl5VL._SL500_.jpg" alt="Product Image"></a><p>Color Transparent Ruler Plastic Rulers - Ruler 12 inch, Kids Ruler for School, Ruler with Centimeters, Millimeter and Inches, Assorted Colors, Clear Rulers, 7 Pack School Rulers</p><p> -16% 0FF </p><p>$5.99</p><a href="https://www.amazon.com/dp/B09S9X3HV7?tag=eloabder-20&linkCode=osi&th=1&psc=1">View Product</a></div><div class="product"><a href="https://www.amazon.com/dp/B06XK9VQM4?tag=eloabder-20&linkCode=osi&th=1&psc=1"><img src="https://m.media-amazon.com/images/I/51Glln3n-nL._SL500_.jpg" alt="Product Image"></a><p>Outus 12 Pack Wood Ruler Bulk for Students Wooden School Rulers Gifts Office Classroom Measuring, 2 Scale, 12 Inch and 30 cm</p><p> -6% 0FF </p><p>$7.99</p><a href="https://www.amazon.com/dp/B06XK9VQM4?tag=eloabder-20&linkCode=osi&th=1&psc=1">View Product</a></div><div class="product"><a href="https://www.amazon.com/dp/B0B5MLTG7J?tag=eloabder-20&linkCode=osi&th=1&psc=1"><img src="https://m.media-amazon.com/images/I/51z9LUxLKmL._SL500_.jpg" alt="Product Image"></a><p>DAGONGREN 30 Pack Clear Plastic Rulers 12 Inch,Transparent Assorted Color Metric Bulk Rulers with Inches and Centimeters,Kids Ruler for School,Home,Office</p><p> -9% 0FF </p><p>$9.99</p><a href="https://www.amazon.com/dp/B0B5MLTG7J?tag=eloabder-20&linkCode=osi&th=1&psc=1">View Product</a></div><div class="product"><a href="https://www.amazon.com/dp/B096MPPF53?tag=eloabder-20&linkCode=osi&th=1&psc=1"><img src="https://m.media-amazon.com/images/I/51qUpElDRcS._SL500_.jpg" alt="Product Image"></a><p>Tenare 1 Set Plastic Clear Math Set Includes Protractor Triangle Rulers 12 Inch 6 Inch Straight Geometry Math Transparent Ruler Measuring Tool for School Office Home Supplies(Clear)</p><p> -25% 0FF </p><p>$5.98</p><a href="https://www.amazon.com/dp/B096MPPF53?tag=eloabder-20&linkCode=osi&th=1&psc=1">View Product</a></div>
<div class="product"><a href="https://www.amazon.com/dp/B07YDDX4JL?tag=eloabder-20&linkCode=osi&th=1&psc=1"><img src="https://m.media-amazon.com/images/I/41oBPZwCRLL._SL500_.jpg" alt="Product Image"></a><p>3-Pack 8" Heavy Duty Scissors with Ultra Sharp Blades and Comfort Grip Handles - For Office, Home, School, Sewing, and Crafts</p><p> -15% 0FF </p><p>$8.49 ($2.83 / Count)</p><a href="https://www.amazon.com/dp/B07YDDX4JL?tag=eloabder-20&linkCode=osi&th=1&psc=1">View Product</a></div><div class="product"><a href="https://www.amazon.com/dp/B01BRGU8R0?tag=eloabder-20&linkCode=osi&th=1&psc=1"><img src="https://m.media-amazon.com/images/I/41ANVra+eNL._SL500_.jpg" alt="Product Image"></a><p>Amazon Basics Stainless Steel Scissors for Office, Crafts, Multipurpose, Sharp, Comfort Grip, PVD Coated, 3 Pack, Multicolor</p><p> -45% 0FF </p><p>$7.55</p><a href="https://www.amazon.com/dp/B01BRGU8R0?tag=eloabder-20&linkCode=osi&th=1&psc=1">View Product</a></div><div class="product"><a href="https://www.amazon.com/dp/B000P0LNRE?tag=eloabder-20&linkCode=osi&th=1&psc=1"><img src="https://m.media-amazon.com/images/I/41fWgMTO0JL._SL500_.jpg" alt="Product Image"></a><p>Westcott 8-Inch Titanium-Bonded Scissors with Adjustable Glide Feature for Office and Home - Gray/Yellow, 2-Pack</p><p> -33% 0FF </p><p>$9.97</p><a href="https://www.amazon.com/dp/B000P0LNRE?tag=eloabder-20&linkCode=osi&th=1&psc=1">View Product</a></div>
<div class="product"><a href="https://www.amazon.com/dp/B074ZRZ4CZ?tag=eloabder-20&linkCode=osi&th=1&psc=1"><img src="https://m.media-amazon.com/images/I/41bu+HKxC2L._SL500_.jpg" alt="Product Image"></a><p>Swingline Commercial Stapler, 20 Sheet Capacity, Jam Free, Metal, 2 Pack, Black (44401AZ)</p><p> -5% 0FF </p><p>$18.98</p><a href="https://www.amazon.com/dp/B074ZRZ4CZ?tag=eloabder-20&linkCode=osi&th=1&psc=1">View Product</a></div><div class="product"><a href="https://www.amazon.com/dp/B001PME62K?tag=eloabder-20&linkCode=osi&th=1&psc=1"><img src="https://m.media-amazon.com/images/I/41gbaJu-3iL._SL500_.jpg" alt="Product Image"></a><p>Swingline Stapler, 40 Sheet Capacity, Optima 40, Jam Free, Reduced Effort, Soft Grip, Metal, Orange and Gray (87845)</p><p> -14% 0FF </p><p>$24.19</p><a href="https://www.amazon.com/dp/B001PME62K?tag=eloabder-20&linkCode=osi&th=1&psc=1">View Product</a></div><div class="product"><a href="https://www.amazon.com/dp/B0D2JBKYM1?tag=eloabder-20&linkCode=osi&th=1&psc=1"><img src="https://m.media-amazon.com/images/I/41zFTU9QpfL._SL500_.jpg" alt="Product Image"></a><p>Bostitch Office Stapler, No-Jam Premium for Desktop, Includes 1,250 Staples, Full-Strip, 25 Sheet Capacity, Black</p><p> -26% 0FF </p><p>$6.99</p><a href="https://www.amazon.com/dp/B0D2JBKYM1?tag=eloabder-20&linkCode=osi&th=1&psc=1">View Product</a></div><div class="product"><a href="https://www.amazon.com/dp/B0CC5GJKM1?tag=eloabder-20&linkCode=osi&th=1&psc=1"><img src="https://m.media-amazon.com/images/I/41JDDoSZQiL._SL500_.jpg" alt="Product Image"></a><p>Metal Stapler Heavy Duty 50 Sheet Capacity with 1750 Staples and Staple Remover, Full Strip Staplers for Desk, No Jam, Non-Slip for Office & Classroom, Black</p><p> -33% 0FF </p><p>$13.29</p><a href="https://www.amazon.com/dp/B0CC5GJKM1?tag=eloabder-20&linkCode=osi&th=1&psc=1">View Product</a></div><div class="product"><a href="https://www.amazon.com/dp/B0006HUQZ6?tag=eloabder-20&linkCode=osi&th=1&psc=1"><img src="https://m.media-amazon.com/images/I/31e-T-f1TGL._SL500_.jpg" alt="Product Image"></a><p>Swingline Stapler, 30 Sheet Capacity, 747 Business Stapler, Jam Free, Metal, Rio Red (74736)</p><p> -23% 0FF </p><p>$15.30</p><a href="https://www.amazon.com/dp/B0006HUQZ6?tag=eloabder-20&linkCode=osi&th=1&psc=1">View Product</a></div>
<div class="product"><a href="https://www.amazon.com/dp/B00J8PJJF0?tag=eloabder-20&linkCode=osi&th=1&psc=1"><img src="https://m.media-amazon.com/images/I/418dc+5ZGkL._SL500_.jpg" alt="Product Image"></a><p>Bostitch Office Premium Standard Staples, 1/4" Full Strip, Box of 5,000 Staples</p><p> -27% 0FF </p><p>$4.39</p><a href="https://www.amazon.com/dp/B00J8PJJF0?tag=eloabder-20&linkCode=osi&th=1&psc=1">View Product</a></div><div class="product"><a href="https://www.amazon.com/dp/B079VYR12V?tag=eloabder-20&linkCode=osi&th=1&psc=1"><img src="https://m.media-amazon.com/images/I/51xAt88vqrL._SL500_.jpg" alt="Product Image"></a><p>Officemate Standard Staples, 10 Boxes General Purpose Staple (91950)</p><p> -10% 0FF </p><p>$14.37</p><a href="https://www.amazon.com/dp/B079VYR12V?tag=eloabder-20&linkCode=osi&th=1&psc=1">View Product</a></div><div class="product"><a href="https://www.amazon.com/dp/B00006IFMQ?tag=eloabder-20&linkCode=osi&th=1&psc=1"><img src="https://m.media-amazon.com/images/I/51UsWZuFq8L._SL500_.jpg" alt="Product Image"></a><p>Bostitch Office B8 PowerCrown 0.25 Inch Staples, Pack of 5,000 Staples (STCRP21151/4), Silver</p><p> -30% 0FF </p><p>$2.33</p><a href="https://www.amazon.com/dp/B00006IFMQ?tag=eloabder-20&linkCode=osi&th=1&psc=1">View Product</a></div>
<div class="product"><a href="https://www.amazon.com/dp/B000J07BRQ?tag=eloabder-20&linkCode=osi&th=1&psc=1"><img src="https://m.media-amazon.com/images/I/51QpJKjajbL._SL500_.jpg" alt="Product Image"></a><p>Scotch Heavy Duty Shipping Packing Tape, Clear, Packing Tape for Moving Boxes and Packaging Supplies, 1.88 in. x 22.2 yd., 6 Roll Dispensers, Moving Supplies</p><p> -35% 0FF </p><p>$12.99</p><a href="https://www.amazon.com/dp/B000J07BRQ?tag=eloabder-20&linkCode=osi&th=1&psc=1">View Product</a></div><div class="product"><a href="https://www.amazon.com/dp/B0000DH8HQ?tag=eloabder-20&linkCode=osi&th=1&psc=1"><img src="https://m.media-amazon.com/images/I/414lAY+087L._SL500_.jpg" alt="Product Image"></a><p>Scotch Magic Tape, Invisible Transparent Tape, 6 Tape Rolls with Dispensers, 3/4 in x 650 in</p><p> -23% 0FF </p><p>$12.34</p><a href="https://www.amazon.com/dp/B0000DH8HQ?tag=eloabder-20&linkCode=osi&th=1&psc=1">View Product</a></div><div class="product"><a href="https://www.amazon.com/dp/B0DQHV6X92?tag=eloabder-20&linkCode=osi&th=1&psc=1"><img src="https://m.media-amazon.com/images/I/51ViCFlgldL._SL500_.jpg" alt="Product Image"></a><p>BeataTap Tape, Invisible Tape, 6 Rolls + 6 Refillable Dispensers, Matte Finish, Writable, 3/4″ x 650″, Transparent Tape, Clear Tape for Gift Wrapping Paper, School Supplies</p><p> -15% 0FF </p><p>$5.94 ($0.99 / Count)</p><a href="https://www.amazon.com/dp/B0DQHV6X92?tag=eloabder-20&linkCode=osi&th=1&psc=1">View Product</a></div><div class="product"><a href="https://www.amazon.com/dp/B07CB6LN5S?tag=eloabder-20&linkCode=osi&th=1&psc=1"><img src="https://m.media-amazon.com/images/I/41NNyeISnjL._SL500_.jpg" alt="Product Image"></a><p>Scotch Super-Hold Tape, 2 Rolls, Transparent Finish, 50% More Adhesive, Trusted Favorite, 3/4 x 600 Inches, Dispensered (198DM-2)</p><p> -30% 0FF </p><p>$5.97</p><a href="https://www.amazon.com/dp/B07CB6LN5S?tag=eloabder-20&linkCode=osi&th=1&psc=1">View Product</a></div><div class="product"><a href="https://www.amazon.com/dp/B00464740A?tag=eloabder-20&linkCode=osi&th=1&psc=1"><img src="https://m.media-amazon.com/images/I/51ZPFoiGfuL._SL500_.jpg" alt="Product Image"></a><p>Scotch Sure Start Shipping Packaging Tape, 1.88" x 22.2 yd, Designed for Packing, Shipping and Mailing, Quiet Unwind, No Splitting or Tearing, 1.5" Core, Clear, 6 Dispensered Rolls (145-6)</p><p> -28% 0FF </p><p>$13.48</p><a href="https://www.amazon.com/dp/B00464740A?tag=eloabder-20&linkCode=osi&th=1&psc=1">View Product</a></div><div class="product"><a href="https://www.amazon.com/dp/B09C6LLG9P?tag=eloabder-20&linkCode=osi&th=1&psc=1"><img src="https://m.media-amazon.com/images/I/41rbv66ZNBL._SL500_.jpg" alt="Product Image"></a><p>Scotch Box Lock Packaging Tape, 1 Roll with Dispenser, 1.88 in x 1000 in, Extreme Grip, Sticks Instantly to Any Box (195L)</p><p> -31% 0FF </p><p>$4.12</p><a href="https://www.amazon.com/dp/B09C6LLG9P?tag=eloabder-20&linkCode=osi&th=1&psc=1">View Product</a></div>
<div class="product"><a href="https://www.amazon.com/dp/B08QQZ71CV?tag=eloabder-20&linkCode=osi&th=1&psc=1"><img src="https://m.media-amazon.com/images/I/51Foz0aGYoS._SL500_.jpg" alt="Product Image"></a><p>Gorilla Super Glue, Clear Glue, Four 3 Gram Tubes (Pack of 1) - All Purpose and Fast Setting for Projects and Repairs</p><p> -25% 0FF </p><p>$9.49 ($22.60 / Ounce)</p><a href="https://www.amazon.com/dp/B08QQZ71CV?tag=eloabder-20&linkCode=osi&th=1&psc=1">View Product</a></div><div class="product"><a href="https://www.amazon.com/dp/B07J6R3GK7?tag=eloabder-20&linkCode=osi&th=1&psc=1"><img src="https://m.media-amazon.com/images/I/31kdOjGBkpL._SL500_.jpg" alt="Product Image"></a><p>Amazon Basics All Purpose Washable School Clear Liquid Glue - Great for Making Slime, 128 fl oz</p><p> -6% 0FF </p><p>$16.13</p><a href="https://www.amazon.com/dp/B07J6R3GK7?tag=eloabder-20&linkCode=osi&th=1&psc=1">View Product</a></div><div class="product"><a href="https://www.amazon.com/dp/B00178QQJ8?tag=eloabder-20&linkCode=osi&th=1&psc=1"><img src="https://m.media-amazon.com/images/I/41zs6k410RL._SL500_.jpg" alt="Product Image"></a><p>Mod Podge Gloss Sealer, Glue & Finish: All-in-One Craft Solution- Quick Dry, Easy Clean, for Wood, Paper, Fabric & More. Non-Toxic - Craft with Confidence, Made in USA, 16 oz., Pack of 1</p><p> -36% 0FF </p><p>$7.99 ($0.50 / Fl Oz)</p><a href="https://www.amazon.com/dp/B00178QQJ8?tag=eloabder-20&linkCode=osi&th=1&psc=1">View Product</a></div><div class="product"><a href="https://www.amazon.com/dp/B073V14DZJ?tag=eloabder-20&linkCode=osi&th=1&psc=1"><img src="https://m.media-amazon.com/images/I/31Iyy5+vk6L._SL500_.jpg" alt="Product Image"></a><p>Amazon Basics All Purpose Washable School Craft Liquid Glue for Making Slime, White, Single Pack, 1 Gallon</p><p> -7% 0FF </p><p>$15.54</p><a href="https://www.amazon.com/dp/B073V14DZJ?tag=eloabder-20&linkCode=osi&th=1&psc=1">View Product</a></div><div class="product"><a href="https://www.amazon.com/dp/B0006HUJCQ?tag=eloabder-20&linkCode=osi&th=1&psc=1"><img src="https://m.media-amazon.com/images/I/511pTqChTCL._SL500_.jpg" alt="Product Image"></a><p>Loctite Super Glue Gel Control, Clear, 0.14 fl oz Bottle, 1 Pack - Superglue for Plastic, Wood, Metal, Crafts & Repair, Cyanoacrylate Adhesive Instant Glue, Quick Dry</p><p> -13% 0FF </p><p>$3.64 ($26.00 / Fl Oz)</p><a href="https://www.amazon.com/dp/B0006HUJCQ?tag=eloabder-20&linkCode=osi&th=1&psc=1">View Product</a></div>
<div class="product"><a href="https://www.amazon.com/dp/B074XTRX7K?tag=eloabder-20&linkCode=osi&th=1&psc=1"><img src="https://m.media-amazon.com/images/I/31rOPIrMfDL._SL500_.jpg" alt="Product Image"></a><p>Amazon Basics Sturdy Binder Clips for Office Use, 96 Count (8 Pack of 12), Medium, 1.25 in, Black</p><p> -26% 0FF </p><p>$7.48</p><a href="https://www.amazon.com/dp/B074XTRX7K?tag=eloabder-20&linkCode=osi&th=1&psc=1">View Product</a></div><div class="product"><a href="https://www.amazon.com/dp/B00TQ8FDB8?tag=eloabder-20&linkCode=osi&th=1&psc=1"><img src="https://m.media-amazon.com/images/I/51y7lUrMLnL._SL500_.jpg" alt="Product Image"></a><p>ACCO Binder Clips, Medium, Black, 12 per Box, 2 Boxes (72062)</p><p> -25% 0FF </p><p>$5.96</p><a href="https://www.amazon.com/dp/B00TQ8FDB8?tag=eloabder-20&linkCode=osi&th=1&psc=1">View Product</a></div><div class="product"><a href="https://www.amazon.com/dp/B08KWCDP3C?tag=eloabder-20&linkCode=osi&th=1&psc=1"><img src="https://m.media-amazon.com/images/I/41qucDz6HuL._SL500_.jpg" alt="Product Image"></a><p>Ufmarine Medium Binder Clips 1.25 inch Length, (40 Pcs) Colorful Paper Clips Medium for Office</p><p> -12% 0FF </p><p>$5.99</p><a href="https://www.amazon.com/dp/B08KWCDP3C?tag=eloabder-20&linkCode=osi&th=1&psc=1">View Product</a></div>
<div class="product"><a href="https://www.amazon.com/dp/B09XQLJFDD?tag=eloabder-20&linkCode=osi&th=1&psc=1"><img src="https://m.media-amazon.com/images/I/41iiSFMy4uL._SL500_.jpg" alt="Product Image"></a><p>PAPERPAL Paperclips for Office School & Personal Use, #1 Nonskid Paper Clip (1-2/7"), 600 Medium Paper Clips (6 Boxes of 100 Each), Silver</p><p> -20% 0FF </p><p>$7.99</p><a href="https://www.amazon.com/dp/B09XQLJFDD?tag=eloabder-20&linkCode=osi&th=1&psc=1">View Product</a></div>

<div class="product"><a href="https://www.amazon.com/dp/B004I2G8NO?tag=eloabder-20&linkCode=osi&th=1&psc=1"><img src="https://m.media-amazon.com/images/I/51WEsLRINGL._SL500_.jpg" alt="Product Image"></a><p>Business Source Rubber Band, Natural (1914LB)</p><p> -26% 0FF </p><p>$4.00</p><a href="https://www.amazon.com/dp/B004I2G8NO?tag=eloabder-20&linkCode=osi&th=1&psc=1">View Product</a></div><div class="product"><a href="https://www.amazon.com/dp/B077GDY1LP?tag=eloabder-20&linkCode=osi&th=1&psc=1"><img src="https://m.media-amazon.com/images/I/41nn0nmNTiL._SL500_.jpg" alt="Product Image"></a><p>ANNIE 1000 RUBBER BANDS 1/2" #BLACK</p><p> -7% 0FF </p><p>$4.90 ($1.22 / Count)</p><a href="https://www.amazon.com/dp/B077GDY1LP?tag=eloabder-20&linkCode=osi&th=1&psc=1">View Product</a></div><div class="product"><a href="https://www.amazon.com/dp/B000783OPI?tag=eloabder-20&linkCode=osi&th=1&psc=1"><img src="https://m.media-amazon.com/images/I/510okXKzMqL._SL500_.jpg" alt="Product Image"></a><p>Universal 00419 19-Size Rubber Bands (335 Per Pack), Beige</p><p> -29% 0FF </p><p>$3.44</p><a href="https://www.amazon.com/dp/B000783OPI?tag=eloabder-20&linkCode=osi&th=1&psc=1">View Product</a></div><div class="product"><a href="https://www.amazon.com/dp/B00006IBRU?tag=eloabder-20&linkCode=osi&th=1&psc=1"><img src="https://m.media-amazon.com/images/I/51pU5khkX8L._SL500_.jpg" alt="Product Image"></a><p>ALL26335 - Alliance Rubber 26335 Advantage Rubber Bands - Size #33, Natural, 1 Pound 3 x 1/8 inches</p><p> -62% 0FF </p><p>$3.29</p><a href="https://www.amazon.com/dp/B00006IBRU?tag=eloabder-20&linkCode=osi&th=1&psc=1">View Product</a></div>
<div class="product"><a href="https://www.amazon.com/dp/B0DSKTZBB6?tag=eloabder-20&linkCode=osi&th=1&psc=1"><img src="https://m.media-amazon.com/images/I/415YD3kNFlL._SL500_.jpg" alt="Product Image"></a><p>300 Count Colored Index Cards 3 x 5 Inch Ruled Index Cards, Flash Cards College Ruled for School, College, Office and Home Organization, Durable Study To Do List Note Cards with Ruled Lines</p><p> -10% 0FF </p><p>$6.29</p><a href="https://www.amazon.com/dp/B0DSKTZBB6?tag=eloabder-20&linkCode=osi&th=1&psc=1">View Product</a></div><div class="product"><a href="https://www.amazon.com/dp/B09JYQZQ3V?tag=eloabder-20&linkCode=osi&th=1&psc=1"><img src="https://m.media-amazon.com/images/I/41y5vfnutuL._SL500_.jpg" alt="Product Image"></a><p>Oxford Index Cards, 3 x 5 Inches, White, Lined on Front, Blank on Back, Flashcards for School and Studying, Recipe Note Cards, 500 Count (5 Packs of 100) (40176)</p><p> -22% 0FF </p><p>$7.01</p><a href="https://www.amazon.com/dp/B09JYQZQ3V?tag=eloabder-20&linkCode=osi&th=1&psc=1">View Product</a></div>
<div class="product"><a href="https://www.amazon.com/dp/B00P9U2EM8?tag=eloabder-20&linkCode=osi&th=1&psc=1"><img src="https://m.media-amazon.com/images/I/41Op5kyIukL._SL500_.jpg" alt="Product Image"></a><p>Mead Spiral Notebook, 6 Pack, 1 Subject, College Ruled Paper, 7-1/2" x 10-1/2", 70 Sheets per Notebook, Colors Will Vary (830062-ECM25)</p><p> -46% 0FF </p><p>$6.71</p><a href="https://www.amazon.com/dp/B00P9U2EM8?tag=eloabder-20&linkCode=osi&th=1&psc=1">View Product</a></div><div class="product"><a href="https://www.amazon.com/dp/B0CQN8FVJX?tag=eloabder-20&linkCode=osi&th=1&psc=1"><img src="https://m.media-amazon.com/images/I/414WVVoGFPL._SL500_.jpg" alt="Product Image"></a><p>SUNEE Spiral Notebooks, 1-Subject, 5 Pack, College Ruled Paper, 8" x 10-1/2", 70 Sheets per Notebook,3-Hole Punched Paper, Pink,Purple, Blue, Green, Yellow Spiral Lined Notebooks for School,Work</p><p> -29% 0FF </p><p>$9.99</p><a href="https://www.amazon.com/dp/B0CQN8FVJX?tag=eloabder-20&linkCode=osi&th=1&psc=1">View Product</a></div><div class="product"><a href="https://www.amazon.com/dp/B08NYRMWZ8?tag=eloabder-20&linkCode=osi&th=1&psc=1"><img src="https://m.media-amazon.com/images/I/41y1cnNXtOL._SL500_.jpg" alt="Product Image"></a><p>Yansanido Spiral Notebook, 4 Pcs 8.3 Inch x 5.9 Inch A5 Thick Plastic Hardcover 8mm Ruled 4 Color 80 Sheets -160 Pages Journals for Study and Notes (style 10-Wine Red,Brown,Green,ivory, A5)</p><p> -23% 0FF </p><p>$9.99</p><a href="https://www.amazon.com/dp/B08NYRMWZ8?tag=eloabder-20&linkCode=osi&th=1&psc=1">View Product</a></div><div class="product"><a href="https://www.amazon.com/dp/B08VF9VYLZ?tag=eloabder-20&linkCode=osi&th=1&psc=1"><img src="https://m.media-amazon.com/images/I/41ktUSmtHAL._SL500_.jpg" alt="Product Image"></a><p>Oxford Spiral Notebooks, 6 Pack, 1 Subject, Wide Ruled Notebooks for School, 8 x 10.5 Inches, 70 Sheets, Assorted Pastel Colors, Back to School Supplies (63757)</p><p> -6% 0FF </p><p>$8.99</p><a href="https://www.amazon.com/dp/B08VF9VYLZ?tag=eloabder-20&linkCode=osi&th=1&psc=1">View Product</a></div>
<div class="product"><a href="https://www.amazon.com/dp/B0FDRCSXZH?tag=eloabder-20&linkCode=osi&th=1&psc=1"><img src="https://m.media-amazon.com/images/I/41rYztS-0zL._SL500_.jpg" alt="Product Image"></a><p>5pcs Small Note Pads, Color Notepads 5x8 College Ruled Notebook, Writing Pads 5 x 8, Legal Pads, Memo Pad Paper Perforate Narrow Ruled Notebooks for Work, School, Office Supplies,30 Sheets/Pack</p><p> -14% 0FF </p><p>$5.99</p><a href="https://www.amazon.com/dp/B0FDRCSXZH?tag=eloabder-20&linkCode=osi&th=1&psc=1">View Product</a></div><div class="product"><a href="https://www.amazon.com/dp/B0BZQNCV62?tag=eloabder-20&linkCode=osi&th=1&psc=1"><img src="https://m.media-amazon.com/images/I/41yNqvqCwoL._SL500_.jpg" alt="Product Image"></a><p>Alitte Legal Notepads 8.5 x 11, Pack of 12 - Perforated Wide Ruled Writing Pad - Premium Thick Paper, No Ink Bleeding - Blank Legal Pads For Home, Office, School, Business - 50 Sheets Per Notebook</p><p> -17% 0FF </p><p>$24.99</p><a href="https://www.amazon.com/dp/B0BZQNCV62?tag=eloabder-20&linkCode=osi&th=1&psc=1">View Product</a></div>
<div class="product"><a href="https://www.amazon.com/dp/B0C7S1PCX4?tag=eloabder-20&linkCode=osi&th=1&psc=1"><img src="https://m.media-amazon.com/images/I/41nVRBg2klL._SL500_.jpg" alt="Product Image"></a><p>Oxford 8.5 x 11 Legal Pads, 12 Pack, Wide Ruled, Yellow Paper, 50 Sheets Per Writing Pad, Made in the USA (74020)</p><p> -30% 0FF </p><p>$12.60</p><a href="https://www.amazon.com/dp/B0C7S1PCX4?tag=eloabder-20&linkCode=osi&th=1&psc=1">View Product</a></div><div class="product"><a href="https://www.amazon.com/dp/B0CGF22134?tag=eloabder-20&linkCode=osi&th=1&psc=1"><img src="https://m.media-amazon.com/images/I/41FzLgeXAyL._SL500_.jpg" alt="Product Image"></a><p>MSKKSM Legal Pads 8.5 x 11, 3 Pack Yellow Note Pads 8.5 x 11 Writing Pads, Wide Ruled Legal Notepads, Lined Pads of Paper Yellow Paper Pads, 30 Sheets Per Notepad for School, Home, Office, Business</p><p> -17% 0FF </p><p>$9.99</p><a href="https://www.amazon.com/dp/B0CGF22134?tag=eloabder-20&linkCode=osi&th=1&psc=1">View Product</a></div><div class="product"><a href="https://www.amazon.com/dp/B0FCMWHFC2?tag=eloabder-20&linkCode=osi&th=1&psc=1"><img src="https://m.media-amazon.com/images/I/41MMVFB-S4L._SL500_.jpg" alt="Product Image"></a><p>5pcs Legal Pads 8.5 x 11, Notepads 8.5 x 11 Inch, Color Note Pads Clear Print Writing Pads of Paper, Memo Pads , Perforate Legal Notepads Paper , Wide Ruled Lined with Sturdy Back,30 Sheets/Pack</p><p> -8% 0FF </p><p>$11.99</p><a href="https://www.amazon.com/dp/B0FCMWHFC2?tag=eloabder-20&linkCode=osi&th=1&psc=1">View Product</a></div>
<div class="product"><a href="https://www.amazon.com/dp/B08H593JZG?tag=eloabder-20&linkCode=osi&th=1&psc=1"><img src="https://m.media-amazon.com/images/I/415Ykzo-lyL._SL500_.jpg" alt="Product Image"></a><p>Eastern Wolf 8 Pads Sticky Notes 3x3 Self-Stick Notes 8 Bright Multi Colors Purple Sticky Notes, 85 Sheet/Pad</p><p> -20% 0FF </p><p>$5.59</p><a href="https://www.amazon.com/dp/B08H593JZG?tag=eloabder-20&linkCode=osi&th=1&psc=1">View Product</a></div><div class="product"><a href="https://www.amazon.com/dp/B0BPJW13CM?tag=eloabder-20&linkCode=osi&th=1&psc=1"><img src="https://m.media-amazon.com/images/I/41uKwTyz1rL._SL500_.jpg" alt="Product Image"></a><p>Post-it 100% Recycled Paper Super Sticky Notes, 2X The Sticking Power, 3x3 in, 5 Pads, 70 Sheets/Pad, Wanderlust Pastels Collection (654R-5SSNRP)</p><p> -33% 0FF </p><p>$5.98</p><a href="https://www.amazon.com/dp/B0BPJW13CM?tag=eloabder-20&linkCode=osi&th=1&psc=1">View Product</a></div><div class="product"><a href="https://www.amazon.com/dp/B0D6RPPK9H?tag=eloabder-20&linkCode=osi&th=1&psc=1"><img src="https://m.media-amazon.com/images/I/41O8zZ-RN4L._SL500_.jpg" alt="Product Image"></a><p>(18 Pads) Sticky Notes 3x3 inch, Self-Stick Pads Bright Colors Sticky Note, Recyclable, Easy to Post for Home, Office, Notebook</p><p> -40% 0FF </p><p>$8.39</p><a href="https://www.amazon.com/dp/B0D6RPPK9H?tag=eloabder-20&linkCode=osi&th=1&psc=1">View Product</a></div><div class="product"><a href="https://www.amazon.com/dp/B0CMGJ6FRB?tag=eloabder-20&linkCode=osi&th=1&psc=1"><img src="https://m.media-amazon.com/images/I/41xF9DqIGZL._SL500_.jpg" alt="Product Image"></a><p>Sticky Notes, 12 Pads, 3x3 inches, Soft Pastel Self-Stick Note Pads, Perfect for Office, Study, and Daily Life Organization - Soft Pastel</p><p> -16% 0FF </p><p>$5.06</p><a href="https://www.amazon.com/dp/B0CMGJ6FRB?tag=eloabder-20&linkCode=osi&th=1&psc=1">View Product</a></div>
<div class="product"><a href="https://www.amazon.com/dp/B07VRYX57R?tag=eloabder-20&linkCode=osi&th=1&psc=1"><img src="https://m.media-amazon.com/images/I/410XbLRqukL._SL500_.jpg" alt="Product Image"></a><p>(24 Pack) Sticky Notes 3x3 in Post Bright Stickies Colorful Super Sticking Power Memo Pads, Strong Adhesive, 74 Sheets/pad</p><p> -35% 0FF </p><p>$16.99</p><a href="https://www.amazon.com/dp/B07VRYX57R?tag=eloabder-20&linkCode=osi&th=1&psc=1">View Product</a></div><div class="product"><a href="https://www.amazon.com/dp/B00QSR9PRI?tag=eloabder-20&linkCode=osi&th=1&psc=1"><img src="https://m.media-amazon.com/images/I/31n-YNlgraL._SL500_.jpg" alt="Product Image"></a><p>Amazon Basics Narrow Ruled Lined Writing Note Pad, 5 inch x 8 inch, White, 12 Count (12 Pack of 50 pages)</p><p> -6% 0FF </p><p>$8.78</p><a href="https://www.amazon.com/dp/B00QSR9PRI?tag=eloabder-20&linkCode=osi&th=1&psc=1">View Product</a></div><div class="product"><a href="https://www.amazon.com/dp/B0D5M4D3NN?tag=eloabder-20&linkCode=osi&th=1&psc=1"><img src="https://m.media-amazon.com/images/I/41uzPvHBCDL._SL500_.jpg" alt="Product Image"></a><p>(12 Pack) Lined Sticky Notes 4x6 in Ruled Stickies Super Sticking Power Memo Pads Bright Colors</p><p> -40% 0FF </p><p>$8.98</p><a href="https://www.amazon.com/dp/B0D5M4D3NN?tag=eloabder-20&linkCode=osi&th=1&psc=1">View Product</a></div><div class="product"><a href="https://www.amazon.com/dp/B0CQK3M5VK?tag=eloabder-20&linkCode=osi&th=1&psc=1"><img src="https://m.media-amazon.com/images/I/31jKEzc1qFL._SL500_.jpg" alt="Product Image"></a><p>Note Pads 4x6 Inch, 6 Pack Blank Scratch Pads, 50 Sheets Per Memo Pad for Writing, White Pad of Paper Suit for Home, Office and School, Tear off Notepad, Small Server Notebook</p><p> -10% 0FF </p><p>$6.29</p><a href="https://www.amazon.com/dp/B0CQK3M5VK?tag=eloabder-20&linkCode=osi&th=1&psc=1">View Product</a></div>
<div class="product"><a href="https://www.amazon.com/dp/B0F5D4VNBX?tag=eloabder-20&linkCode=osi&th=1&psc=1"><img src="https://m.media-amazon.com/images/I/41SnXbixNcL._SL500_.jpg" alt="Product Image"></a><p>Blue Sky 2026 Weekly and Monthly Planner Calendar, Includes January 2026 - December 2026, 5" x 8", Flexible Cover, Wirebound, Laminated Tabs, Enterprise</p><p> -10% 0FF </p><p>$8.99</p><a href="https://www.amazon.com/dp/B0F5D4VNBX?tag=eloabder-20&linkCode=osi&th=1&psc=1">View Product</a></div><div class="product"><a href="https://www.amazon.com/dp/B0FRNQDRCR?tag=eloabder-20&linkCode=osi&th=1&psc=1"><img src="https://m.media-amazon.com/images/I/51rBf1oJchL._SL500_.jpg" alt="Product Image"></a><p>Essential PRO 2026 Daily, Weekly & Monthly Planner, 7"x9": 14 Months (Nov 2025 - Dec 2026) Monthly Tabs,Daily Tracking,Notes Pages,Storage Pocket,Bookmark w Sticky Notes (Tree Seasons)</p><p> -14% 0FF </p><p>$29.95</p><a href="https://www.amazon.com/dp/B0FRNQDRCR?tag=eloabder-20&linkCode=osi&th=1&psc=1">View Product</a></div><div class="product"><a href="https://www.amazon.com/dp/B0DYBQWJ5S?tag=eloabder-20&linkCode=osi&th=1&psc=1"><img src="https://m.media-amazon.com/images/I/41UP6Ui7BjL._SL500_.jpg" alt="Product Image"></a><p>AT-A-GLANCE 2026 Appointment Book Planner, Weekly, 8" x 11", Large, Quarter-Hourly, DayMinder, Black (G5200026)</p><p> -45% 0FF </p><p>$15.87</p><a href="https://www.amazon.com/dp/B0DYBQWJ5S?tag=eloabder-20&linkCode=osi&th=1&psc=1">View Product</a></div><div class="product"><a href="https://www.amazon.com/dp/B0DJ8SXCR4?tag=eloabder-20&linkCode=osi&th=1&psc=1"><img src="https://m.media-amazon.com/images/I/41sRmmLvCsL._SL500_.jpg" alt="Product Image"></a><p>Planner 2025-2026, Weekly and Monthly Calendar Academic Planner (July 2025 - June 2026), Hardcover Teacher School Student Agenda with Tabs, Ideal for School Office Supplies, A5 (6.3" x 8.5") - Green</p><p> -25% 0FF </p><p>$8.99</p><a href="https://www.amazon.com/dp/B0DJ8SXCR4?tag=eloabder-20&linkCode=osi&th=1&psc=1">View Product</a></div><div class="product"><a href="https://www.amazon.com/dp/B0D2VW43KP?tag=eloabder-20&linkCode=osi&th=1&psc=1"><img src="https://m.media-amazon.com/images/I/41eyA1Q1U4L._SL500_.jpg" alt="Product Image"></a><p>Forvencer 2026 Planner, Hardcover Calendar Planner Weekly and Monthly, January 2026 - December 2026, 8.5" x 11", Spiral Agenda Book with Tabs, Exquisite Daily Journal with Inner Pocket, Organizer Notebook for Office Home School, A4 Size, Green</p><p> -41% 0FF </p><p>$9.99</p><a href="https://www.amazon.com/dp/B0D2VW43KP?tag=eloabder-20&linkCode=osi&th=1&psc=1">View Product</a></div>
<div class="product"><a href="https://www.amazon.com/dp/B0DYBYRY3R?tag=eloabder-20&linkCode=osi&th=1&psc=1"><img src="https://m.media-amazon.com/images/I/41oxPcKnCuL._SL500_.jpg" alt="Product Image"></a><p>AT-A-GLANCE 2026 Desk Calendar, Monthly, Desk Pad, 21-3/4" x 17", Large, Ruled Blocks (SK240026)</p><p> -19% 0FF </p><p>$11.89</p><a href="https://www.amazon.com/dp/B0DYBYRY3R?tag=eloabder-20&linkCode=osi&th=1&psc=1">View Product</a></div><div class="product"><a href="https://www.amazon.com/dp/B0DXQ416QR?tag=eloabder-20&linkCode=osi&th=1&psc=1"><img src="https://m.media-amazon.com/images/I/41o3YUjfIVL._SL500_.jpg" alt="Product Image"></a><p>Aesthetic 2025-2026 Wall Calendar - Runs from May 2025 Until December 2026 - The Perfect Modern Calendar Planner for Easy Organizing</p><p> -43% 0FF </p><p>$3.99</p><a href="https://www.amazon.com/dp/B0DXQ416QR?tag=eloabder-20&linkCode=osi&th=1&psc=1">View Product</a></div><div class="product"><a href="https://www.amazon.com/dp/B0CCRXKSK8?tag=eloabder-20&linkCode=osi&th=1&psc=1"><img src="https://m.media-amazon.com/images/I/51eOdkimr+L._SL500_.jpg" alt="Product Image"></a><p>SUNEE Wall Calendar 2025-2026 Large 22.75"x15.5", 21 Month Calendar from October 2025 to June 2027, Vertical Extra Large Monthly Calendar 2026 for Wall, Seasons Color</p><p> -24% 0FF </p><p>$15.19</p><a href="https://www.amazon.com/dp/B0CCRXKSK8?tag=eloabder-20&linkCode=osi&th=1&psc=1">View Product</a></div><div class="product"><a href="https://www.amazon.com/dp/B0F7HZ7C9G?tag=eloabder-20&linkCode=osi&th=1&psc=1"><img src="https://m.media-amazon.com/images/I/41rkKO18HGL._SL500_.jpg" alt="Product Image"></a><p>Beautiful 2025-2026 Wall Calendar - Runs from July 2025 until December 2026 – Large 14.5" x 11.5" Office Wall Calendar for Easy Organizing</p><p> -10% 0FF </p><p>$8.99</p><a href="https://www.amazon.com/dp/B0F7HZ7C9G?tag=eloabder-20&linkCode=osi&th=1&psc=1">View Product</a></div><div class="product"><a href="https://www.amazon.com/dp/B0DYDC7ZLV?tag=eloabder-20&linkCode=osi&th=1&psc=1"><img src="https://m.media-amazon.com/images/I/51MOLWJ45HL._SL500_.jpg" alt="Product Image"></a><p>XISIDO 2025-2026 Wall Calendar, Calendar 2025-2026, 18 Month Calendar July 2025 - December 2026, 14.8" X 11.5", Calendar with Twin-Wire Binding, Hanging Hook and Julian Dates (Seasonal Designs)</p><p> -20% 0FF </p><p>$7.99</p><a href="https://www.amazon.com/dp/B0DYDC7ZLV?tag=eloabder-20&linkCode=osi&th=1&psc=1">View Product</a></div><div class="product"><a href="https://www.amazon.com/dp/B0D2KCVBBD?tag=eloabder-20&linkCode=osi&th=1&psc=1"><img src="https://m.media-amazon.com/images/I/51Eg-3ZKZxL._SL500_.jpg" alt="Product Image"></a><p>XISIDO Calendar 2025-2026, 18 Months Wall Calendar July 2025 to Dec 2026 Calendar with Julian Dates, 11" X 8.5" (Colorful)</p><p> -33% 0FF </p><p>$3.99</p><a href="https://www.amazon.com/dp/B0D2KCVBBD?tag=eloabder-20&linkCode=osi&th=1&psc=1">View Product</a></div><div class="product"><a href="https://www.amazon.com/dp/B0DY7R9226?tag=eloabder-20&linkCode=osi&th=1&psc=1"><img src="https://m.media-amazon.com/images/I/41eTUjCfzFL._SL500_.jpg" alt="Product Image"></a><p>Lbylyhxc Wall Calendar 2025-2026 - Runs from July 2025 to December 2026-18 Monthly Calendar 2026. Thick Paper includes major holidays and dedicated space for notes and important dates (Colorful Calendar 2025-2026)</p><p> -50% 0FF </p><p>$2.49</p><a href="https://www.amazon.com/dp/B0DY7R9226?tag=eloabder-20&linkCode=osi&th=1&psc=1">View Product</a></div>
<div class="product"><a href="https://www.amazon.com/dp/B00NI5LVAW?tag=eloabder-20&linkCode=osi&th=1&psc=1"><img src="https://m.media-amazon.com/images/I/31X0RgqQ1ML._SL500_.jpg" alt="Product Image"></a><p>Pendaflex File Folders, Letter Size, 1/3 Cut, Manila, 250 per Box (752250)</p><p> -11% 0FF </p><p>$26.50</p><a href="https://www.amazon.com/dp/B00NI5LVAW?tag=eloabder-20&linkCode=osi&th=1&psc=1">View Product</a></div><div class="product"><a href="https://www.amazon.com/dp/B0D1YBFHS8?tag=eloabder-20&linkCode=osi&th=1&psc=1"><img src="https://m.media-amazon.com/images/I/41qkHxiS+vL._SL500_.jpg" alt="Product Image"></a><p>SUNEE File Folders, 30 Pack Manilla Folders 8.5 x 11, Colored File Folders Home Office School Supplies for Documents Files Paper, 6 Assorted Colors</p><p> -26% 0FF </p><p>$9.99</p><a href="https://www.amazon.com/dp/B0D1YBFHS8?tag=eloabder-20&linkCode=osi&th=1&psc=1">View Product</a></div><div class="product"><a href="https://www.amazon.com/dp/B000DZ9XGO?tag=eloabder-20&linkCode=osi&th=1&psc=1"><img src="https://m.media-amazon.com/images/I/31WKzTB-4WL._SL500_.jpg" alt="Product Image"></a><p>Oxford Two-Pocket Folders, Assorted Colors, Letter Size, 25 per box (57513)</p><p> -32% 0FF </p><p>$12.23</p><a href="https://www.amazon.com/dp/B000DZ9XGO?tag=eloabder-20&linkCode=osi&th=1&psc=1">View Product</a></div><div class="product"><a href="https://www.amazon.com/dp/B0F8H75MLS?tag=eloabder-20&linkCode=osi&th=1&psc=1"><img src="https://m.media-amazon.com/images/I/41GV18+8+zL._SL500_.jpg" alt="Product Image"></a><p>Plastic Folders with Pockets, 6 Pack Document Folders with Business Card Slot, 2 Pocket Folders Back to School Supplies for Kids, Office</p><p> -33% 0FF </p><p>$5.99</p><a href="https://www.amazon.com/dp/B0F8H75MLS?tag=eloabder-20&linkCode=osi&th=1&psc=1">View Product</a></div><div class="product"><a href="https://www.amazon.com/dp/B0CPDTKFVF?tag=eloabder-20&linkCode=osi&th=1&psc=1"><img src="https://m.media-amazon.com/images/I/41PQ8ToLyhL._SL500_.jpg" alt="Product Image"></a><p>Aegero Plastic Folders with Pockets (7 Pack, Assorted Colors), Durable Heavy Duty File Folders with Business Card Slot, 2-Pocket Folder for Schoolwork & Office,Letter Size…</p><p> -11% 0FF </p><p>$7.99</p><a href="https://www.amazon.com/dp/B0CPDTKFVF?tag=eloabder-20&linkCode=osi&th=1&psc=1">View Product</a></div>
<div class="product"><a href="https://www.amazon.com/dp/B0CSPT4RFH?tag=eloabder-20&linkCode=osi&th=1&psc=1"><img src="https://m.media-amazon.com/images/I/31O8kdFg7FL._SL500_.jpg" alt="Product Image"></a><p>Two Tone Color File Folders 8.5 x 11 Inch, 1/3 Cut Tab File Folders Letter Size, Assorted Colors, Blue Red Green Yellow Orange Manila File Folders, School Business Office Folders for Document -15 Pack</p><p> -13% 0FF </p><p>$6.99</p><a href="https://www.amazon.com/dp/B0CSPT4RFH?tag=eloabder-20&linkCode=osi&th=1&psc=1">View Product</a></div><div class="product"><a href="https://www.amazon.com/dp/B01MXC0YS5?tag=eloabder-20&linkCode=osi&th=1&psc=1"><img src="https://m.media-amazon.com/images/I/41YLerNwKTL._SL500_.jpg" alt="Product Image"></a><p>Pendaflex Hanging File Folders, Letter Size, Assorted Colors, 1/5-Cut Adjustable Tabs, 25 Per Box (81663)</p><p> -7% 0FF </p><p>$13.99</p><a href="https://www.amazon.com/dp/B01MXC0YS5?tag=eloabder-20&linkCode=osi&th=1&psc=1">View Product</a></div><div class="product"><a href="https://www.amazon.com/dp/B0896Q5MMC?tag=eloabder-20&linkCode=osi&th=1&psc=1"><img src="https://m.media-amazon.com/images/I/41jDOLSqtWL._SL500_.jpg" alt="Product Image"></a><p>Pendaflex Two Tone Color File Folders, Letter Size, Assorted Colors (Teal, Violet, Gray, Navy and Burgundy), 1/3-Cut Tabs, 5 Color, 100/Box, (02315)</p><p> -27% 0FF </p><p>$13.89</p><a href="https://www.amazon.com/dp/B0896Q5MMC?tag=eloabder-20&linkCode=osi&th=1&psc=1">View Product</a></div><div class="product"><a href="https://www.amazon.com/dp/B0D1YCC6KK?tag=eloabder-20&linkCode=osi&th=1&psc=1"><img src="https://m.media-amazon.com/images/I/31aHHvZVc+L._SL500_.jpg" alt="Product Image"></a><p>SUNEE File Folders, 30 Pack Manilla Folders 8.5 x 11, Colored File Folders Home Office School Supplies for Documents Files Paper,6 Pastel Colors</p><p> -26% 0FF </p><p>$9.99</p><a href="https://www.amazon.com/dp/B0D1YCC6KK?tag=eloabder-20&linkCode=osi&th=1&psc=1">View Product</a></div>
<div class="product"><a href="https://www.amazon.com/dp/B0FGXLHFDD?tag=eloabder-20&linkCode=osi&th=1&psc=1"><img src="https://m.media-amazon.com/images/I/414ng1TKsOL._SL500_.jpg" alt="Product Image"></a><p>Trandraft Plastic Extra Capacity Hanging File Folders, 5 Inch Expanding Pocket with Movable Dividers, Letter Size Black File Folders with Insertable Tabs for Filing Cabine</p><p> -5% 0FF </p><p>$18.99</p><a href="https://www.amazon.com/dp/B0FGXLHFDD?tag=eloabder-20&linkCode=osi&th=1&psc=1">View Product</a></div><div class="product"><a href="https://www.amazon.com/dp/B08QTW4GJT?tag=eloabder-20&linkCode=osi&th=1&psc=1"><img src="https://m.media-amazon.com/images/I/41OVgNttdnL._SL500_.jpg" alt="Product Image"></a><p>Pendaflex Reinforced Hanging Folders, Letter Size, Assorted Colors 1/5 Cut, Tabs and Inserts, 25 Per Box (41522AMZ)</p><p> -32% 0FF </p><p>$13.99</p><a href="https://www.amazon.com/dp/B08QTW4GJT?tag=eloabder-20&linkCode=osi&th=1&psc=1">View Product</a></div><div class="product"><a href="https://www.amazon.com/dp/B07Y67ZCJS?tag=eloabder-20&linkCode=osi&th=1&psc=1"><img src="https://m.media-amazon.com/images/I/51g37Wkw2CL._SL500_.jpg" alt="Product Image"></a><p>EASEPRES 5 Pocket Mesh Hanging Wall File Organizer, Wall Mounted Mail Paper Document Folder Holder, Clipboard Storage Organization Magazine Rack with Nametag Label for Office Home School, Black</p><p> -30% 0FF </p><p>$22.99</p><a href="https://www.amazon.com/dp/B07Y67ZCJS?tag=eloabder-20&linkCode=osi&th=1&psc=1">View Product</a></div><div class="product"><a href="https://www.amazon.com/dp/B0CGWNNBCV?tag=eloabder-20&linkCode=osi&th=1&psc=1"><img src="https://m.media-amazon.com/images/I/31SGzCfPDcL._SL500_.jpg" alt="Product Image"></a><p>SUNEE 25 Count Hanging File Folders, Pastel Colors, Hanging File Folders Letter Size, Hanging Folders with 1/5-cut Tabs, Designed for Bulky Files, Filing Cabinets, Medical Charts</p><p> -15% 0FF </p><p>$16.99</p><a href="https://www.amazon.com/dp/B0CGWNNBCV?tag=eloabder-20&linkCode=osi&th=1&psc=1">View Product</a></div><div class="product"><a href="https://www.amazon.com/dp/B00006IF4G?tag=eloabder-20&linkCode=osi&th=1&psc=1"><img src="https://m.media-amazon.com/images/I/31LuYqWSObL._SL500_.jpg" alt="Product Image"></a><p>Smead Standard Hanging File Folders, 25 Count, Assorted Primaries, 1/5-Cut Adjustable Tabs, Letter Size (64059)</p><p> -7% 0FF </p><p>$13.55</p><a href="https://www.amazon.com/dp/B00006IF4G?tag=eloabder-20&linkCode=osi&th=1&psc=1">View Product</a></div>

<div class="product"><a href="https://www.amazon.com/dp/B0033J6V3A?tag=eloabder-20&linkCode=osi&th=1&psc=1"><img src="https://m.media-amazon.com/images/I/21o5ASbichL._SL500_.jpg" alt="Product Image"></a><p>NuSparc 2 Drawer Locking Filing Cabinet | Pre-Assembled Steel Construction | Space-Saving Design is Perfect for Home and Small Office | Letter-Size | Assembled in North America</p><p> -14% 0FF </p><p>$76.99</p><a href="https://www.amazon.com/dp/B0033J6V3A?tag=eloabder-20&linkCode=osi&th=1&psc=1">View Product</a></div><div class="product"><a href="https://www.amazon.com/dp/B0D9XYD75W?tag=eloabder-20&linkCode=osi&th=1&psc=1"><img src="https://m.media-amazon.com/images/I/31VM3xK++PL._SL500_.jpg" alt="Product Image"></a><p>BYNSOE 2 Drawer File Cabinet with Lock Vertical Filing Storage Cabinet Office Home Steel Vertical File Cabinets for Letter Size File Cabinet Locked,Assembly Required</p><p> -8% 0FF </p><p>$54.99</p><a href="https://www.amazon.com/dp/B0D9XYD75W?tag=eloabder-20&linkCode=osi&th=1&psc=1">View Product</a></div><div class="product"><a href="https://www.amazon.com/dp/B0989HLF81?tag=eloabder-20&linkCode=osi&th=1&psc=1"><img src="https://m.media-amazon.com/images/I/51vzgnkbcjL._SL500_.jpg" alt="Product Image"></a><p>DEVAISE 3 Drawer Mobile File Cabinet, Wood Lateral Filing Cabinet, Printer Stand with Open Shelves for Home Office, Rustic Brown</p><p> -21% 0FF </p><p>$74.99</p><a href="https://www.amazon.com/dp/B0989HLF81?tag=eloabder-20&linkCode=osi&th=1&psc=1">View Product</a></div>
<div class="product"><a href="https://www.amazon.com/dp/B00006RSQD?tag=eloabder-20&linkCode=osi&th=1&psc=1"><img src="https://m.media-amazon.com/images/I/315rez3KpeL._SL500_.jpg" alt="Product Image"></a><p>Bush Business Furniture Series C 36W Tall 5 Shelf Bookcase in Hansen Cherry, Large Storage and Display Bookshelf for Home or Professional Office</p><p> -8% 0FF </p><p>$239.49</p><a href="https://www.amazon.com/dp/B00006RSQD?tag=eloabder-20&linkCode=osi&th=1&psc=1">View Product</a></div>
<div class="product"><a href="https://www.amazon.com/dp/B09F6JPYSY?tag=eloabder-20&linkCode=osi&th=1&psc=1"><img src="https://m.media-amazon.com/images/I/51fGLH7lhHL._SL500_.jpg" alt="Product Image"></a><p>SPACELEAD Slim Storage Cart 3 Tier,Bathroom Organizer Rolling Utility,Mobile Shelving Unit Slide Out for Office, Kitchen, Laundry Room & Narrow Places,Black</p><p> -30% 0FF </p><p>$20.99</p><a href="https://www.amazon.com/dp/B09F6JPYSY?tag=eloabder-20&linkCode=osi&th=1&psc=1">View Product</a></div><div class="product"><a href="https://www.amazon.com/dp/B08KFTVGQY?tag=eloabder-20&linkCode=osi&th=1&psc=1"><img src="https://m.media-amazon.com/images/I/51BjUEmGaiL._SL500_.jpg" alt="Product Image"></a><p>SONGMICS Cube Storage Organizer, Set of 16 Plastic Cubes, Closet Organizers and Storage, Room Organization, Bedroom Living Room, 12.2 x 48.4 x 48.4 Inches, Rustic Brown ULPC442A01</p><p> -15% 0FF </p><p>$46.99</p><a href="https://www.amazon.com/dp/B08KFTVGQY?tag=eloabder-20&linkCode=osi&th=1&psc=1">View Product</a></div><div class="product"><a href="https://www.amazon.com/dp/B0DG359YX5?tag=eloabder-20&linkCode=osi&th=1&psc=1"><img src="https://m.media-amazon.com/images/I/41OBXL4HJdL._SL500_.jpg" alt="Product Image"></a><p>VIVO Clamp-on 13 inch Above or Below Desk 2-Tier Shelving Unit for Table Accessories, Gaming Devices, and More, Storage Tray, Desktop Organizer, Rustic Vintage Brown, STAND-SHELF2C-N</p><p> -20% 0FF </p><p>$39.99</p><a href="https://www.amazon.com/dp/B0DG359YX5?tag=eloabder-20&linkCode=osi&th=1&psc=1">View Product</a></div><div class="product"><a href="https://www.amazon.com/dp/B0D7S5GGP6?tag=eloabder-20&linkCode=osi&th=1&psc=1"><img src="https://m.media-amazon.com/images/I/51EriWG2BLL._SL500_.jpg" alt="Product Image"></a><p>C&AHOME Wire Cube Storage, 9 - Cube Organizer Metal C Grids, Modular Shelves Units, Closet Organizer, Ideal for Home, Office, Living Room, 36.6”L x 12.4”W x 48.4”H, Silver Gray UWCS3009G</p><p> -33% 0FF </p><p>$28.87</p><a href="https://www.amazon.com/dp/B0D7S5GGP6?tag=eloabder-20&linkCode=osi&th=1&psc=1">View Product</a></div>
<div class="product"><a href="https://www.amazon.com/dp/B0B1M6ML2J?tag=eloabder-20&linkCode=osi&th=1&psc=1"><img src="https://m.media-amazon.com/images/I/51pX2Qo38JL._SL500_.jpg" alt="Product Image"></a><p>WOWBOX 25 PCS Clear Plastic Drawer Organizer Set, 4 Sizes Desk Drawer Divider Organizers and Storage Bins for Makeup, Jewelry, Gadgets for Kitchen, Bedroom, Bathroom, Office</p><p> -35% 0FF </p><p>$16.13 ($0.65 / Count)</p><a href="https://www.amazon.com/dp/B0B1M6ML2J?tag=eloabder-20&linkCode=osi&th=1&psc=1">View Product</a></div><div class="product"><a href="https://www.amazon.com/dp/B0DB8F7GDN?tag=eloabder-20&linkCode=osi&th=1&psc=1"><img src="https://m.media-amazon.com/images/I/51iOtKHzvCL._SL500_.jpg" alt="Product Image"></a><p>OPNICE Desk Organizer and Accessories, 2-Tier Computer Monitor Stand Riser with Drawer and 2 Pen Holders, Laptop Stand, Office Desk Accessories for Office Supplies, Black</p><p> -27% 0FF </p><p>$21.99</p><a href="https://www.amazon.com/dp/B0DB8F7GDN?tag=eloabder-20&linkCode=osi&th=1&psc=1">View Product</a></div><div class="product"><a href="https://www.amazon.com/dp/B0FQ86P4M3?tag=eloabder-20&linkCode=osi&th=1&psc=1"><img src="https://m.media-amazon.com/images/I/41ZDdyGnPxL._SL500_.jpg" alt="Product Image"></a><p>Mind Reader 2-Tier Desk Organizer with Clamp, Accessory Shelf for Office or Gaming, Office, Metal, White</p><p> -5% 0FF </p><p>$37.99</p><a href="https://www.amazon.com/dp/B0FQ86P4M3?tag=eloabder-20&linkCode=osi&th=1&psc=1">View Product</a></div><div class="product"><a href="https://www.amazon.com/dp/B0BYDGF8DT?tag=eloabder-20&linkCode=osi&th=1&psc=1"><img src="https://m.media-amazon.com/images/I/51sE2GzgVNL._SL500_.jpg" alt="Product Image"></a><p>OPNICE Desk Organizer and Accessories, 4-Tier Desktop File Organizer with Drawer and 2 Pen Holders, Office Desk Accessories, Workspace Organizers for Office Supplies(Black)</p><p> -33% 0FF </p><p>$19.99</p><a href="https://www.amazon.com/dp/B0BYDGF8DT?tag=eloabder-20&linkCode=osi&th=1&psc=1">View Product</a></div><div class="product"><a href="https://www.amazon.com/dp/B0DJKSMV2T?tag=eloabder-20&linkCode=osi&th=1&psc=1"><img src="https://m.media-amazon.com/images/I/41gO3CCIg1L._SL500_.jpg" alt="Product Image"></a><p>gianotter Dual Monitor Stand Riser, Desk Organizer With Drawer and 2 Pen Holders, Computer Monitor Stand, Shelf for Top of Desk, Black</p><p> -28% 0FF </p><p>$25.99</p><a href="https://www.amazon.com/dp/B0DJKSMV2T?tag=eloabder-20&linkCode=osi&th=1&psc=1">View Product</a></div><div class="product"><a href="https://www.amazon.com/dp/B0BWTT3WK1?tag=eloabder-20&linkCode=osi&th=1&psc=1"><img src="https://m.media-amazon.com/images/I/51JTe2SjicL._SL500_.jpg" alt="Product Image"></a><p>gianotter Desk Organizers and Accessories with File Holder, 4-Tier Desk Accessories & Workspace Organizers with Drawer and 2 Pen Holder, Paper Organizer for Office Supplies (Rose Gold)</p><p> -27% 0FF </p><p>$23.99</p><a href="https://www.amazon.com/dp/B0BWTT3WK1?tag=eloabder-20&linkCode=osi&th=1&psc=1">View Product</a></div><div class="product"><a href="https://www.amazon.com/dp/B09QKDY1YY?tag=eloabder-20&linkCode=osi&th=1&psc=1"><img src="https://m.media-amazon.com/images/I/519UVM73B6L._SL500_.jpg" alt="Product Image"></a><p>Supeasy 5 Trays Paper Organizer Letter Tray with Handle-Mesh Desk File Organizer, Paper Sorter Desk Organizer for Office, Home or School</p><p> -17% 0FF </p><p>$19.99</p><a href="https://www.amazon.com/dp/B09QKDY1YY?tag=eloabder-20&linkCode=osi&th=1&psc=1">View Product</a></div><div class="product"><a href="https://www.amazon.com/dp/B08PBFKGJG?tag=eloabder-20&linkCode=osi&th=1&psc=1"><img src="https://m.media-amazon.com/images/I/61WfW0WLsqL._SL500_.jpg" alt="Product Image"></a><p>Marbrasse 6 Tier Paper Organizer Letter Tray - Mesh Desk File Organizer with Handle, Paper Sorter Organizer for Letter/A4 Office File Folder Holder - Black</p><p> -23% 0FF </p><p>$19.98</p><a href="https://www.amazon.com/dp/B08PBFKGJG?tag=eloabder-20&linkCode=osi&th=1&psc=1">View Product</a></div><div class="product"><a href="https://www.amazon.com/dp/B09K5927B5?tag=eloabder-20&linkCode=osi&th=1&psc=1"><img src="https://m.media-amazon.com/images/I/51u5tZ4jR6L._SL500_.jpg" alt="Product Image"></a><p>Marbrasse Desk Organizer with File Holder, 5-Tier Paper Letter Tray Organizer with Drawer and 2 Pen Holder, Mesh Desktop Organizer and Storage with Magazine Holder for Office Supplies(Black)</p><p> -24% 0FF </p><p>$33.99</p><a href="https://www.amazon.com/dp/B09K5927B5?tag=eloabder-20&linkCode=osi&th=1&psc=1">View Product</a></div>
<div class="product"><a href="https://www.amazon.com/dp/B0CNXF7SVS?tag=eloabder-20&linkCode=osi&th=1&psc=1"><img src="https://m.media-amazon.com/images/I/51a6EswyTZL._SL500_.jpg" alt="Product Image"></a><p>Manalete Drawer Organizers Set of 15, 4 Sizes Clear Plastic Drawer Organizers and Storage Bins for Kitchen, Bathroom, Office, Dresser Desk Drawer Organizer Tray for Jewelry, Makeup, Junk, Gadgets</p><p> -29% 0FF </p><p>$9.99</p><a href="https://www.amazon.com/dp/B0CNXF7SVS?tag=eloabder-20&linkCode=osi&th=1&psc=1">View Product</a></div><div class="product"><a href="https://www.amazon.com/dp/B0CCY5X6SS?tag=eloabder-20&linkCode=osi&th=1&psc=1"><img src="https://m.media-amazon.com/images/I/41Iye-vPXJL._SL500_.jpg" alt="Product Image"></a><p>Bamboo Drawer Organizer Set, 5 PCS Multi-Use Individual Wood Storage Organizers, Junk Drawer Divider and Storage Trays Containers for Kitchen, Bathroom, Office Desk, Makeup, Jewelry, Utensils</p><p> -20% 0FF </p><p>$19.99 ($4.00 / Count)</p><a href="https://www.amazon.com/dp/B0CCY5X6SS?tag=eloabder-20&linkCode=osi&th=1&psc=1">View Product</a></div><div class="product"><a href="https://www.amazon.com/dp/B0CCDJQ7MM?tag=eloabder-20&linkCode=osi&th=1&psc=1"><img src="https://m.media-amazon.com/images/I/51kU0WJxdsL._SL500_.jpg" alt="Product Image"></a><p>Marbrasse Expandable Desk Drawer Organizer, Mesh Drawer Organizer Tray with 10 Adjustable Compartments, Desk Organizers and Accessories, 5 Dividers Drawer for Office Supplies, Makeup & Vanity (Black)</p><p> -15% 0FF </p><p>$17.84</p><a href="https://www.amazon.com/dp/B0CCDJQ7MM?tag=eloabder-20&linkCode=osi&th=1&psc=1">View Product</a></div><div class="product"><a href="https://www.amazon.com/dp/B0DM27MBZN?tag=eloabder-20&linkCode=osi&th=1&psc=1"><img src="https://m.media-amazon.com/images/I/41hAfSMnrZL._SL500_.jpg" alt="Product Image"></a><p>ElegantArray 12 PCS Drawer Organizer Set, 4 Sizes Storage Drawer Units, Clear Plastic Makeup Vanity Organizer and Storage Bins for Makeup, Stationeries, Multiple Gadgets for Bathroom, Office, Bedroom</p><p> -31% 0FF </p><p>$8.99</p><a href="https://www.amazon.com/dp/B0DM27MBZN?tag=eloabder-20&linkCode=osi&th=1&psc=1">View Product</a></div>
<div class="product"><a href="https://www.amazon.com/dp/B0C4T42TPC?tag=eloabder-20&linkCode=osi&th=1&psc=1"><img src="https://m.media-amazon.com/images/I/318IsyAsPXL._SL500_.jpg" alt="Product Image"></a><p>Adjustable Mobile CPU Stand, Ventilated Computer Tower Stand with 4 Caster Wheels Fits Most PC Tower, Under Desk CPU Holder PC Floor Cart Computer Riser for Gamers and Students (Black)</p><p> -21% 0FF </p><p>$14.21</p><a href="https://www.amazon.com/dp/B0C4T42TPC?tag=eloabder-20&linkCode=osi&th=1&psc=1">View Product</a></div><div class="product"><a href="https://www.amazon.com/dp/B094QTGHNZ?tag=eloabder-20&linkCode=osi&th=1&psc=1"><img src="https://m.media-amazon.com/images/I/31VzBQ+jwWL._SL500_.jpg" alt="Product Image"></a><p>WALI Computer Monitor Stand for Desk, Adjustable Laptop Riser, Desk Monitor Stand Underneath Storage for Office, Home, School Supplies (STT003), 1 Pack, Black</p><p> -32% 0FF </p><p>$16.99</p><a href="https://www.amazon.com/dp/B094QTGHNZ?tag=eloabder-20&linkCode=osi&th=1&psc=1">View Product</a></div><div class="product"><a href="https://www.amazon.com/dp/B07H4DMLVH?tag=eloabder-20&linkCode=osi&th=1&psc=1"><img src="https://m.media-amazon.com/images/I/31eTfKhpSWL._SL500_.jpg" alt="Product Image"></a><p>HUANUO Monitor Stand, Monitor Stand Riser 3 Height Adjustable, Monitor Riser with Airflow Vents, Laptop Stand for Desk, Laptop Riser, Desk Organizer for Monitor, 15.6" Laptop, PC, Printer</p><p> -11% 0FF </p><p>$15.19</p><a href="https://www.amazon.com/dp/B07H4DMLVH?tag=eloabder-20&linkCode=osi&th=1&psc=1">View Product</a></div><div class="product"><a href="https://www.amazon.com/dp/B0D69W6H91?tag=eloabder-20&linkCode=osi&th=1&psc=1"><img src="https://m.media-amazon.com/images/I/51rQI+gi3lL._SL500_.jpg" alt="Product Image"></a><p>JANE EYRE Computer Tower Stand - Adjustable PC Tower Stand CPU Holder Cart with Charging Station for Office Home Classroom,23.03"-28.3" H, black</p><p> -10% 0FF </p><p>$53.99</p><a href="https://www.amazon.com/dp/B0D69W6H91?tag=eloabder-20&linkCode=osi&th=1&psc=1">View Product</a></div><div class="product"><a href="https://www.amazon.com/dp/B0C4T34L9Y?tag=eloabder-20&linkCode=osi&th=1&psc=1"><img src="https://m.media-amazon.com/images/I/51BNMGXNOEL._SL500_.jpg" alt="Product Image"></a><p>BONTEC Wooden Monitor Stand Riser, 2-Tier Desk Shelf with Storage Organizer, Ergonomic Computer Stand with Cable Management, Cellphone Holder, White, 16.5 Inch</p><p> -33% 0FF </p><p>$18.04</p><a href="https://www.amazon.com/dp/B0C4T34L9Y?tag=eloabder-20&linkCode=osi&th=1&psc=1">View Product</a></div><div class="product"><a href="https://www.amazon.com/dp/B08BRCT4JH?tag=eloabder-20&linkCode=osi&th=1&psc=1"><img src="https://m.media-amazon.com/images/I/41Ga6A+cXbL._SL500_.jpg" alt="Product Image"></a><p>BESIGN LS03 Aluminum Laptop Stand, Ergonomic Detachable Computer Stand, Notebook Riser Compatible with Air, Pro, Dell, HP, Lenovo More 10-15.6" Laptops, Silver</p><p> -25% 0FF </p><p>$14.98</p><a href="https://www.amazon.com/dp/B08BRCT4JH?tag=eloabder-20&linkCode=osi&th=1&psc=1">View Product</a></div>
<div class="product"><a href="https://www.amazon.com/dp/B07Q79ZZJ6?tag=eloabder-20&linkCode=osi&th=1&psc=1"><img src="https://m.media-amazon.com/images/I/31-LBzENQIL._SL500_.jpg" alt="Product Image"></a><p>Single LCD Computer Monitor Free-Standing Desk Stand Mount Riser for 13 inch to 32 inch screen with Swivel, Height Adjustable, Rotation, Vesa Base Stand Holds One (1) Screen up to 77Lbs(HT05B-001))</p><p> -34% 0FF </p><p>$21.99</p><a href="https://www.amazon.com/dp/B07Q79ZZJ6?tag=eloabder-20&linkCode=osi&th=1&psc=1">View Product</a></div><div class="product"><a href="https://www.amazon.com/dp/B082845XM8?tag=eloabder-20&linkCode=osi&th=1&psc=1"><img src="https://m.media-amazon.com/images/I/41uRH1B7HgL._SL500_.jpg" alt="Product Image"></a><p>Dual Monitor Stand - Vertical Stack Screen Free-Standing Monitor Riser Fits Two 13 to 34 Inch Screen with Swivel, Tilt, Height Adjustable, Holds One (1) Screen Up to 44Lbs</p><p> -5% 0FF </p><p>$31.56</p><a href="https://www.amazon.com/dp/B082845XM8?tag=eloabder-20&linkCode=osi&th=1&psc=1">View Product</a></div><div class="product"><a href="https://www.amazon.com/dp/B00X4SCCFG?tag=eloabder-20&linkCode=osi&th=1&psc=1"><img src="https://m.media-amazon.com/images/I/21X2klzUZGL._SL500_.jpg" alt="Product Image"></a><p>Amazon Basics Height Adjustable Rectangular Computer Monitor Riser Desk Stand with Storage for Reduced Neck Strain - Fits Monitors, Laptops Up to 22lbs, Black</p><p> -35% 0FF </p><p>$14.06</p><a href="https://www.amazon.com/dp/B00X4SCCFG?tag=eloabder-20&linkCode=osi&th=1&psc=1">View Product</a></div>
<div class="product"><a href="https://www.amazon.com/dp/B07HFDJCSL?tag=eloabder-20&linkCode=osi&th=1&psc=1"><img src="https://m.media-amazon.com/images/I/41DR7qY1naL._SL500_.jpg" alt="Product Image"></a><p>VIVO Large Keyboard Tray Under Desk Pull Out with Extra Sturdy C Clamp Mount System, 27 (33 Including Clamps) x 11 Inch Slide-Out Platform Computer Drawer for Typing, Black, MOUNT-KB05E</p><p> -17% 0FF </p><p>$49.99</p><a href="https://www.amazon.com/dp/B07HFDJCSL?tag=eloabder-20&linkCode=osi&th=1&psc=1">View Product</a></div><div class="product"><a href="https://www.amazon.com/dp/B082NKBM62?tag=eloabder-20&linkCode=osi&th=1&psc=1"><img src="https://m.media-amazon.com/images/I/41qQ3p9-mrL._SL500_.jpg" alt="Product Image"></a><p>HUANUO Keyboard Tray Under Desk, 360 Adjustable Ergonomic Sliding Keyboard & Mouse Tray, Under Desk Keyboard Tray Slide Out, Keyboard Holder Under Desk for Typing in Home, Office Work, 25"W x 9.84"D</p><p> -33% 0FF </p><p>$59.98</p><a href="https://www.amazon.com/dp/B082NKBM62?tag=eloabder-20&linkCode=osi&th=1&psc=1">View Product</a></div><div class="product"><a href="https://www.amazon.com/dp/B0F23GTKHL?tag=eloabder-20&linkCode=osi&th=1&psc=1"><img src="https://m.media-amazon.com/images/I/41dmHoeznDL._SL500_.jpg" alt="Product Image"></a><p>Zontera Ergonomic Mouse & Keyboard Tray Under Desk, Pull Out with Adjustable C-clamp, 20 (25.9 Including Clamps) x 11.8 Inch Slide Out Computer Keyboard Drawer Mouse Tray for Typing, Black</p><p> -7% 0FF </p><p>$25.99</p><a href="https://www.amazon.com/dp/B0F23GTKHL?tag=eloabder-20&linkCode=osi&th=1&psc=1">View Product</a></div><div class="product"><a href="https://www.amazon.com/dp/B01IIGMBVI?tag=eloabder-20&linkCode=osi&th=1&psc=1"><img src="https://m.media-amazon.com/images/I/21Vw8003F0L._SL500_.jpg" alt="Product Image"></a><p>Alera ALE Valencia Series Underdesk Keyboard/Mouse Shelf, 28w x 12d, Black</p><p> -50% 0FF </p><p>$29.22</p><a href="https://www.amazon.com/dp/B01IIGMBVI?tag=eloabder-20&linkCode=osi&th=1&psc=1">View Product</a></div>
<div class="product"><a href="https://www.amazon.com/dp/B07C3XZMC6?tag=eloabder-20&linkCode=osi&th=1&psc=1"><img src="https://m.media-amazon.com/images/I/31Eojf7glwL._SL500_.jpg" alt="Product Image"></a><p>JIKIOU 3 Pack Mouse Pad with Stitched Edge, Comfortable Mouse Pads with Non-Slip Rubber Base, Washable Mousepads Bulk with Comfortable Cloth, Mouse Pads for Computers Laptop Mouse 10.2x8.3inch Black</p><p> -29% 0FF </p><p>$7.99</p><a href="https://www.amazon.com/dp/B07C3XZMC6?tag=eloabder-20&linkCode=osi&th=1&psc=1">View Product</a></div><div class="product"><a href="https://www.amazon.com/dp/B085XRMSTT?tag=eloabder-20&linkCode=osi&th=1&psc=1"><img src="https://m.media-amazon.com/images/I/31aDSI0sFoL._SL500_.jpg" alt="Product Image"></a><p>EooCoo Ergonomic Mouse Pad with Wrist Support, Mousepad with Memory Foam Wrist Rest and Non-Slip Base for Computer, Cafe, Home & Office, 9.64 x 8.26 in Office Desk Accessories</p><p> -36% 0FF </p><p>$6.99</p><a href="https://www.amazon.com/dp/B085XRMSTT?tag=eloabder-20&linkCode=osi&th=1&psc=1">View Product</a></div>
<div class="product"><a href="https://www.amazon.com/dp/B0BRCJL4MM?tag=eloabder-20&linkCode=osi&th=1&psc=1"><img src="https://m.media-amazon.com/images/I/41sggzaNbPL._SL500_.jpg" alt="Product Image"></a><p>Led Desk Lamp for Office Home - Eye Caring Architect lamp with Clamp,Dual Screen Computer Monitor Gooseneck Smart Light: 24W 5 Color Flexible Adjustable Lighting Table Lamp for Study Drafting</p><p> -13% 0FF </p><p>$69.99</p><a href="https://www.amazon.com/dp/B0BRCJL4MM?tag=eloabder-20&linkCode=osi&th=1&psc=1">View Product</a></div><div class="product"><a href="https://www.amazon.com/dp/B0BNHNG5CY?tag=eloabder-20&linkCode=osi&th=1&psc=1"><img src="https://m.media-amazon.com/images/I/51ccmdZe2YL._SL500_.jpg" alt="Product Image"></a><p>Micomlan Led Desk Lamp with Clamp, Architect Desk Lamp for Home Office with Atmosphere Lighting, 24W Ultra Bright Auto Dimming Computer Light Stepless Dimming and Tempering LED Table Light</p><p> -27% 0FF </p><p>$49.99</p><a href="https://www.amazon.com/dp/B0BNHNG5CY?tag=eloabder-20&linkCode=osi&th=1&psc=1">View Product</a></div><div class="product"><a href="https://www.amazon.com/dp/B078W61H9P?tag=eloabder-20&linkCode=osi&th=1&psc=1"><img src="https://m.media-amazon.com/images/I/31aebwb3nqL._SL500_.jpg" alt="Product Image"></a><p>LEPOWER Metal Desk Lamp, Eye-Caring Table Lamp, Study Lamps with Flexible Goose Neck for Bedroom, Home Office (Matte Black)</p><p> -24% 0FF </p><p>$24.99</p><a href="https://www.amazon.com/dp/B078W61H9P?tag=eloabder-20&linkCode=osi&th=1&psc=1">View Product</a></div><div class="product"><a href="https://www.amazon.com/dp/B0D1DLY4H4?tag=eloabder-20&linkCode=osi&th=1&psc=1"><img src="https://m.media-amazon.com/images/I/41sKiuSIwRL._SL500_.jpg" alt="Product Image"></a><p>SKYLEO Led Desk Lamp - Desk Light for 31.5" Tall - 5 Color Modes X 11 Brightness Levels - Adjustable Swing Arm - Timmer & Memory Function - 12W Lamp for Desk - Black</p><p> -23% 0FF </p><p>$19.99</p><a href="https://www.amazon.com/dp/B0D1DLY4H4?tag=eloabder-20&linkCode=osi&th=1&psc=1">View Product</a></div><div class="product"><a href="https://www.amazon.com/dp/B0D2LGK82V?tag=eloabder-20&linkCode=osi&th=1&psc=1"><img src="https://m.media-amazon.com/images/I/41UpQ-qygDL._SL500_.jpg" alt="Product Image"></a><p>Addtam LED Desk Lamp, Power Strip with 3 Outlets 4 USB Charging Ports(2 USBC), 4 Modes 5 Level Brightness Touch Lamp, Small Desk Lamp for Home Office College Dorm Room Essentials</p><p> -23% 0FF </p><p>$16.99</p><a href="https://www.amazon.com/dp/B0D2LGK82V?tag=eloabder-20&linkCode=osi&th=1&psc=1">View Product</a></div><div class="product"><a href="https://www.amazon.com/dp/B08LMTQ7ZF?tag=eloabder-20&linkCode=osi&th=1&psc=1"><img src="https://m.media-amazon.com/images/I/21vKPX2KHML._SL500_.jpg" alt="Product Image"></a><p>Lepro LED Desk Lamp for Home Office, 9.5W 750LM Metal Touch Control Desk Light, 5 Color Modes 5 Brightness Level, Eye Caring Task Lamp For Reading, Sewing, Crafts, School Supplies, Puzzle Light, Black</p><p> -13% 0FF </p><p>$24.99</p><a href="https://www.amazon.com/dp/B08LMTQ7ZF?tag=eloabder-20&linkCode=osi&th=1&psc=1">View Product</a></div>
<div class="product"><a href="https://www.amazon.com/dp/B0D7BXNDP4?tag=eloabder-20&linkCode=osi&th=1&psc=1"><img src="https://m.media-amazon.com/images/I/41DuEunZ1+L._SL500_.jpg" alt="Product Image"></a><p>Monitor Fan with Clamp & Light Bar Desk Lamp with fan for Office mini Desk fan small quiet with lamp for PC Laptops Tablet for Home Office Portable Working Reading Stand Lamp</p><p> -5% 0FF </p><p>$15.19</p><a href="https://www.amazon.com/dp/B0D7BXNDP4?tag=eloabder-20&linkCode=osi&th=1&psc=1">View Product</a></div><div class="product"><a href="https://www.amazon.com/dp/B07K1D41DC?tag=eloabder-20&linkCode=osi&th=1&psc=1"><img src="https://m.media-amazon.com/images/I/310MAouNV-L._SL500_.jpg" alt="Product Image"></a><p>OttLite Cool Breeze LED Lamp with Bladeless Fan - 3 Speed Options & 5 Brightness Settings with Energy Efficient Natural Daylight LEDs - Desktop, Table or Nightstand Lamp for Studying or Reading</p><p> -14% 0FF </p><p>$89.98</p><a href="https://www.amazon.com/dp/B07K1D41DC?tag=eloabder-20&linkCode=osi&th=1&psc=1">View Product</a></div>
<div class="product"><a href="https://www.amazon.com/dp/B0CXSXL1F2?tag=eloabder-20&linkCode=osi&th=1&psc=1"><img src="https://m.media-amazon.com/images/I/41H6cndt7iL._SL500_.jpg" alt="Product Image"></a><p>9 Pack Lined Sticky Notes 4x6 in Post Sticky Notes with Lines, 9 Bright Colors Self Sticky Notes Pad Its, Large Ruled Sticky Note for Office, Home, 35 Sheets/Pad</p><p> -33% 0FF </p><p>$7.99</p><a href="https://www.amazon.com/dp/B0CXSXL1F2?tag=eloabder-20&linkCode=osi&th=1&psc=1">View Product</a></div><div class="product"><a href="https://www.amazon.com/dp/B019QROV9S?tag=eloabder-20&linkCode=osi&th=1&psc=1"><img src="https://m.media-amazon.com/images/I/51OsStyntzL._SL500_.jpg" alt="Product Image"></a><p>Sharpie Clear View Highlighter Sticks, Chisel Tip, Assorted Fluorescent, 8 Count - School, Home, and Office Use, Teacher Supplies</p><p> -23% 0FF </p><p>$13.86</p><a href="https://www.amazon.com/dp/B019QROV9S?tag=eloabder-20&linkCode=osi&th=1&psc=1">View Product</a></div>
<div class="product"><a href="https://www.amazon.com/dp/B082PN4X5J?tag=eloabder-20&linkCode=osi&th=1&psc=1"><img src="https://m.media-amazon.com/images/I/51o+eA8g6nL._SL500_.jpg" alt="Product Image"></a><p>Sharpie S-Gel Gel Pens, Black Barrel, Medium Point (0.7mm), Black Gel Ink Pens, 12 Count - Home, Office, School, Journaling, Writing, Note-Taking, Teacher Supplies</p><p> -14% 0FF </p><p>$11.97</p><a href="https://www.amazon.com/dp/B082PN4X5J?tag=eloabder-20&linkCode=osi&th=1&psc=1">View Product</a></div><div class="product"><a href="https://www.amazon.com/dp/B0C9W8DD9S?tag=eloabder-20&linkCode=osi&th=1&psc=1"><img src="https://m.media-amazon.com/images/I/41mdSvEwNZL._SL500_.jpg" alt="Product Image"></a><p>Ddaowanx Gel Pens, 6 Pcs 0.5mm Quick Dry Black Ink Pens Fine Point Smooth Writing Pens, Cute Office School Supplies Gifts for Women</p><p> -10% 0FF </p><p>$8.99</p><a href="https://www.amazon.com/dp/B0C9W8DD9S?tag=eloabder-20&linkCode=osi&th=1&psc=1">View Product</a></div><div class="product"><a href="https://www.amazon.com/dp/B019QBOG3U?tag=eloabder-20&linkCode=osi&th=1&psc=1"><img src="https://m.media-amazon.com/images/I/416PjSebDoL._SL500_.jpg" alt="Product Image"></a><p>Paper Mate Colorful Gel Pens - InkJoy Gel Pens Assorted Medium Point (0.7). Perfect for Vibrant Colored Writing and Sketching with Paper Mate InkJoy 14 Count</p><p> -18% 0FF </p><p>$10.31</p><a href="https://www.amazon.com/dp/B019QBOG3U?tag=eloabder-20&linkCode=osi&th=1&psc=1">View Product</a></div><div class="product"><a href="https://www.amazon.com/dp/B0C73JDN4S?tag=eloabder-20&linkCode=osi&th=1&psc=1"><img src="https://m.media-amazon.com/images/I/51DJUUxL7HL._SL500_.jpg" alt="Product Image"></a><p>Linbsunne Ballpoint Pens Black Medium Point 1mm Pen with Super Soft Grip Ball Point Pen for Men Women Retractable Pens (gold-12 pcs)</p><p> -10% 0FF </p><p>$8.99</p><a href="https://www.amazon.com/dp/B0C73JDN4S?tag=eloabder-20&linkCode=osi&th=1&psc=1">View Product</a></div><div class="product"><a href="https://www.amazon.com/dp/B001OTA66O?tag=eloabder-20&linkCode=osi&th=1&psc=1"><img src="https://m.media-amazon.com/images/I/41yS5tBZQLL._SL500_.jpg" alt="Product Image"></a><p>BIC Glide Black Retractable Ballpoint Pens, Medium Point (1.0mm), 4-Count Pack, Ultra Smooth Writing Black Pens</p><p> -40% 0FF </p><p>$2.99</p><a href="https://www.amazon.com/dp/B001OTA66O?tag=eloabder-20&linkCode=osi&th=1&psc=1">View Product</a></div>
<div class="product"><a href="https://www.amazon.com/dp/B002HVXXCW?tag=eloabder-20&linkCode=osi&th=1&psc=1"><img src="https://m.media-amazon.com/images/I/41JeEedXCeL._SL500_.jpg" alt="Product Image"></a><p>Ticonderoga Wood-Cased Pencils, Pre-Sharpened, 2 HB Soft, Yellow, 10 Count</p><p> -58% 0FF </p><p>$2.49</p><a href="https://www.amazon.com/dp/B002HVXXCW?tag=eloabder-20&linkCode=osi&th=1&psc=1">View Product</a></div><div class="product"><a href="https://www.amazon.com/dp/B077Q4B6YN?tag=eloabder-20&linkCode=osi&th=1&psc=1"><img src="https://m.media-amazon.com/images/I/4160YcHGDNL._SL500_.jpg" alt="Product Image"></a><p>Paper Mate 2017483 Mechanical Pencils for Handwriting, Triangular, 5/PK, AST</p><p> -45% 0FF </p><p>$3.47</p><a href="https://www.amazon.com/dp/B077Q4B6YN?tag=eloabder-20&linkCode=osi&th=1&psc=1">View Product</a></div>
<div class="product"><a href="https://www.amazon.com/dp/B0D7YTZNRF?tag=eloabder-20&linkCode=osi&th=1&psc=1"><img src="https://m.media-amazon.com/images/I/41hSbSlNAmL._SL500_.jpg" alt="Product Image"></a><p>YASNAY Alcohol Markers, 48 Colors Dual Tip Art Marker, Drawing Markers, Coloring Marker for Kids Sketching Adult Coloring</p><p> -27% 0FF </p><p>$10.99</p><a href="https://www.amazon.com/dp/B0D7YTZNRF?tag=eloabder-20&linkCode=osi&th=1&psc=1">View Product</a></div><div class="product"><a href="https://www.amazon.com/dp/B07CJ8QXF8?tag=eloabder-20&linkCode=osi&th=1&psc=1"><img src="https://m.media-amazon.com/images/I/51bChi4-H4L._SL500_.jpg" alt="Product Image"></a><p>Dual Markers Brush Pens, 36 Fine Point Art Marker, Double Tip Colored Pen for Adult Coloring Hand Lettering, School Classroom Art Suppliers</p><p> -20% 0FF </p><p>$7.98</p><a href="https://www.amazon.com/dp/B07CJ8QXF8?tag=eloabder-20&linkCode=osi&th=1&psc=1">View Product</a></div><div class="product"><a href="https://www.amazon.com/dp/B071CP6X88?tag=eloabder-20&linkCode=osi&th=1&psc=1"><img src="https://m.media-amazon.com/images/I/41sNeEYkTNL._SL500_.jpg" alt="Product Image"></a><p>Crayola Super Tips Marker Set for Kids (100ct), Broad Tip & Fine Point Washable Art Markers for Kids, Bulk School Supplies, Teacher Classroom Must Haves, Drawing Supplies</p><p> -19% 0FF </p><p>$16.29</p><a href="https://www.amazon.com/dp/B071CP6X88?tag=eloabder-20&linkCode=osi&th=1&psc=1">View Product</a></div><div class="product"><a href="https://www.amazon.com/dp/B08MBFPFCQ?tag=eloabder-20&linkCode=osi&th=1&psc=1"><img src="https://m.media-amazon.com/images/I/51DaGL7Z4oL._SL500_.jpg" alt="Product Image"></a><p>Sharpie Permanent Markers Variety Pack, Includes Chisel, Fine, and Ultra-Fine Tips, Marker Set, Writing, Coloring, Poster, Office, School Supplies, Black, 6 Count</p><p> -19% 0FF </p><p>$4.63 ($0.77 / Count)</p><a href="https://www.amazon.com/dp/B08MBFPFCQ?tag=eloabder-20&linkCode=osi&th=1&psc=1">View Product</a></div>
<div class="product"><a href="https://www.amazon.com/dp/B09Y2KJ2KX?tag=eloabder-20&linkCode=osi&th=1&psc=1"><img src="https://m.media-amazon.com/images/I/41EhQr7suML._SL500_.jpg" alt="Product Image"></a><p>Sharpie Pocket Highlighters, Mild Pastel Colors, Assorted, Chisel Tip, 12 Count - School, Home, and Office Use, Teacher Supplies</p><p> -22% 0FF </p><p>$7.76 ($0.65 / Count)</p><a href="https://www.amazon.com/dp/B09Y2KJ2KX?tag=eloabder-20&linkCode=osi&th=1&psc=1">View Product</a></div><div class="product"><a href="https://www.amazon.com/dp/B08698MJWT?tag=eloabder-20&linkCode=osi&th=1&psc=1"><img src="https://m.media-amazon.com/images/I/512N7aYt5oL._SL500_.jpg" alt="Product Image"></a><p>Sharpie S-Note Creative Markers, Pastel Highlighters, Art Marker Set, Assorted Colors, Chisel Tip, 24 Count - School, Home, and Office Use, Teacher Supplies</p><p> -60% 0FF </p><p>$8.83</p><a href="https://www.amazon.com/dp/B08698MJWT?tag=eloabder-20&linkCode=osi&th=1&psc=1">View Product</a></div>
<div class="product"><a href="https://www.amazon.com/dp/B097DPQPYN?tag=eloabder-20&linkCode=osi&th=1&psc=1"><img src="https://m.media-amazon.com/images/I/51nFyQPtfkL._SL500_.jpg" alt="Product Image"></a><p>Sonuimy Pencil Sharpeners, 4 Pcs Pencil Sharpeners Manual,Dual Holes Compact Colored Handheld Pencil Sharpener for Kids with Lid Adults Students School Class Home Office (Covered)</p><p> -13% 0FF </p><p>$4.49</p><a href="https://www.amazon.com/dp/B097DPQPYN?tag=eloabder-20&linkCode=osi&th=1&psc=1">View Product</a></div><div class="product"><a href="https://www.amazon.com/dp/B000MFN1G8?tag=eloabder-20&linkCode=osi&th=1&psc=1"><img src="https://m.media-amazon.com/images/I/41JPflroUEL._SL500_.jpg" alt="Product Image"></a><p>Compact Desktop Electric Pencil Sharpener, Black, Sold as 1 Each</p><p> -21% 0FF </p><p>$15.89</p><a href="https://www.amazon.com/dp/B000MFN1G8?tag=eloabder-20&linkCode=osi&th=1&psc=1">View Product</a></div><div class="product"><a href="https://www.amazon.com/dp/B00125KXGI?tag=eloabder-20&linkCode=osi&th=1&psc=1"><img src="https://m.media-amazon.com/images/I/51avY0bZv6L._SL500_.jpg" alt="Product Image"></a><p>Bostitch Office Personal Electric Pencil Sharpener, Powerful Stall-Free Motor, High Capacity Shavings Tray, Blue</p><p> -13% 0FF </p><p>$17.48</p><a href="https://www.amazon.com/dp/B00125KXGI?tag=eloabder-20&linkCode=osi&th=1&psc=1">View Product</a></div><div class="product"><a href="https://www.amazon.com/dp/B078DZY9Z5?tag=eloabder-20&linkCode=osi&th=1&psc=1"><img src="https://m.media-amazon.com/images/I/41KbUFGrXfL._SL500_.jpg" alt="Product Image"></a><p>JARLINK Electric Pencil Sharpener, Heavy-Duty Helical Blade to Fast Sharpen, Auto Stop for No.2/Colored Pencils(6-8mm), AC Adapter/Battery Operated in School Classroom/Office/Home (Black)</p><p> -21% 0FF </p><p>$16.98</p><a href="https://www.amazon.com/dp/B078DZY9Z5?tag=eloabder-20&linkCode=osi&th=1&psc=1">View Product</a></div><div class="product"><a href="https://www.amazon.com/dp/B08DLXH86D?tag=eloabder-20&linkCode=osi&th=1&psc=1"><img src="https://m.media-amazon.com/images/I/41UghsnBycL._SL500_.jpg" alt="Product Image"></a><p>Aogwat Pencil Sharpener Electric Pencil Sharpener for Kids, Blade to Fast Sharpen, Suitable for No.2/School/Classroom/Office/Home (Black)</p><p> -23% 0FF </p><p>$9.99</p><a href="https://www.amazon.com/dp/B08DLXH86D?tag=eloabder-20&linkCode=osi&th=1&psc=1">View Product</a></div><div class="product"><a href="https://www.amazon.com/dp/B000GP0VIU?tag=eloabder-20&linkCode=osi&th=1&psc=1"><img src="https://m.media-amazon.com/images/I/318OKKSwzbL._SL500_.jpg" alt="Product Image"></a><p>Bostitch Office Wall Mount Manual Pencil Sharpener, Tip Saver, 8 Hole Dial, 6X Longer Cutter Life, Vertical or Horizontal Mounting Black (MPS1-BLK)</p><p> -9% 0FF </p><p>$13.18</p><a href="https://www.amazon.com/dp/B000GP0VIU?tag=eloabder-20&linkCode=osi&th=1&psc=1">View Product</a></div>
<div class="product"><a href="https://www.amazon.com/dp/B00094H4LU?tag=eloabder-20&linkCode=osi&th=1&psc=1"><img src="https://m.media-amazon.com/images/I/41f-fbZYU1L._SL500_.jpg" alt="Product Image"></a><p>Paper Mate Erasers | Pink Pearl Large Erasers 12 Count</p><p> -55% 0FF </p><p>$6.03</p><a href="https://www.amazon.com/dp/B00094H4LU?tag=eloabder-20&linkCode=osi&th=1&psc=1">View Product</a></div><div class="product"><a href="https://www.amazon.com/dp/B07DPVVMWB?tag=eloabder-20&linkCode=osi&th=1&psc=1"><img src="https://m.media-amazon.com/images/I/51wLlsENgiL._SL500_.jpg" alt="Product Image"></a><p>Mr. Pen Erasers for Pencils, 120 Pack, Pencil Top Erasers, Eraser Caps, Cap Tops, Topper Erasers. Ereaser</p><p> -24% 0FF </p><p>$5.95</p><a href="https://www.amazon.com/dp/B07DPVVMWB?tag=eloabder-20&linkCode=osi&th=1&psc=1">View Product</a></div><div class="product"><a href="https://www.amazon.com/dp/B07144DC8V?tag=eloabder-20&linkCode=osi&th=1&psc=1"><img src="https://m.media-amazon.com/images/I/51Ed1+HW9cL._SL500_.jpg" alt="Product Image"></a><p>Pentel Hi-Polymer Block Eraser, White, 10/Box (ZEH10PC10)</p><p> -44% 0FF </p><p>$9.99</p><a href="https://www.amazon.com/dp/B07144DC8V?tag=eloabder-20&linkCode=osi&th=1&psc=1">View Product</a></div><div class="product"><a href="https://www.amazon.com/dp/B0047CT6SE?tag=eloabder-20&linkCode=osi&th=1&psc=1"><img src="https://m.media-amazon.com/images/I/41bhWXKeeiL._SL500_.jpg" alt="Product Image"></a><p>Pentel Clic Retractable Eraser with Grip, 3 Pack</p><p> -29% 0FF </p><p>$4.77</p><a href="https://www.amazon.com/dp/B0047CT6SE?tag=eloabder-20&linkCode=osi&th=1&psc=1">View Product</a></div>
<div class="product"><a href="https://www.amazon.com/dp/B09S9X3HV7?tag=eloabder-20&linkCode=osi&th=1&psc=1"><img src="https://m.media-amazon.com/images/I/51GgMyfl5VL._SL500_.jpg" alt="Product Image"></a><p>Color Transparent Ruler Plastic Rulers - Ruler 12 inch, Kids Ruler for School, Ruler with Centimeters, Millimeter and Inches, Assorted Colors, Clear Rulers, 7 Pack School Rulers</p><p> -16% 0FF </p><p>$5.99</p><a href="https://www.amazon.com/dp/B09S9X3HV7?tag=eloabder-20&linkCode=osi&th=1&psc=1">View Product</a></div><div class="product"><a href="https://www.amazon.com/dp/B06XK9VQM4?tag=eloabder-20&linkCode=osi&th=1&psc=1"><img src="https://m.media-amazon.com/images/I/51Glln3n-nL._SL500_.jpg" alt="Product Image"></a><p>Outus 12 Pack Wood Ruler Bulk for Students Wooden School Rulers Gifts Office Classroom Measuring, 2 Scale, 12 Inch and 30 cm</p><p> -6% 0FF </p><p>$7.99</p><a href="https://www.amazon.com/dp/B06XK9VQM4?tag=eloabder-20&linkCode=osi&th=1&psc=1">View Product</a></div><div class="product"><a href="https://www.amazon.com/dp/B0B5MLTG7J?tag=eloabder-20&linkCode=osi&th=1&psc=1"><img src="https://m.media-amazon.com/images/I/51z9LUxLKmL._SL500_.jpg" alt="Product Image"></a><p>DAGONGREN 30 Pack Clear Plastic Rulers 12 Inch,Transparent Assorted Color Metric Bulk Rulers with Inches and Centimeters,Kids Ruler for School,Home,Office</p><p> -9% 0FF </p><p>$9.99</p><a href="https://www.amazon.com/dp/B0B5MLTG7J?tag=eloabder-20&linkCode=osi&th=1&psc=1">View Product</a></div><div class="product"><a href="https://www.amazon.com/dp/B096MPPF53?tag=eloabder-20&linkCode=osi&th=1&psc=1"><img src="https://m.media-amazon.com/images/I/51qUpElDRcS._SL500_.jpg" alt="Product Image"></a><p>Tenare 1 Set Plastic Clear Math Set Includes Protractor Triangle Rulers 12 Inch 6 Inch Straight Geometry Math Transparent Ruler Measuring Tool for School Office Home Supplies(Clear)</p><p> -25% 0FF </p><p>$5.98</p><a href="https://www.amazon.com/dp/B096MPPF53?tag=eloabder-20&linkCode=osi&th=1&psc=1">View Product</a></div>
<div class="product"><a href="https://www.amazon.com/dp/B07YDDX4JL?tag=eloabder-20&linkCode=osi&th=1&psc=1"><img src="https://m.media-amazon.com/images/I/41oBPZwCRLL._SL500_.jpg" alt="Product Image"></a><p>3-Pack 8" Heavy Duty Scissors with Ultra Sharp Blades and Comfort Grip Handles - For Office, Home, School, Sewing, and Crafts</p><p> -15% 0FF </p><p>$8.49 ($2.83 / Count)</p><a href="https://www.amazon.com/dp/B07YDDX4JL?tag=eloabder-20&linkCode=osi&th=1&psc=1">View Product</a></div><div class="product"><a href="https://www.amazon.com/dp/B01BRGU8R0?tag=eloabder-20&linkCode=osi&th=1&psc=1"><img src="https://m.media-amazon.com/images/I/41ANVra+eNL._SL500_.jpg" alt="Product Image"></a><p>Amazon Basics Stainless Steel Scissors for Office, Crafts, Multipurpose, Sharp, Comfort Grip, PVD Coated, 3 Pack, Multicolor</p><p> -45% 0FF </p><p>$7.55</p><a href="https://www.amazon.com/dp/B01BRGU8R0?tag=eloabder-20&linkCode=osi&th=1&psc=1">View Product</a></div><div class="product"><a href="https://www.amazon.com/dp/B000P0LNRE?tag=eloabder-20&linkCode=osi&th=1&psc=1"><img src="https://m.media-amazon.com/images/I/41fWgMTO0JL._SL500_.jpg" alt="Product Image"></a><p>Westcott 8-Inch Titanium-Bonded Scissors with Adjustable Glide Feature for Office and Home - Gray/Yellow, 2-Pack</p><p> -33% 0FF </p><p>$9.97</p><a href="https://www.amazon.com/dp/B000P0LNRE?tag=eloabder-20&linkCode=osi&th=1&psc=1">View Product</a></div>
<div class="product"><a href="https://www.amazon.com/dp/B074ZRZ4CZ?tag=eloabder-20&linkCode=osi&th=1&psc=1"><img src="https://m.media-amazon.com/images/I/41bu+HKxC2L._SL500_.jpg" alt="Product Image"></a><p>Swingline Commercial Stapler, 20 Sheet Capacity, Jam Free, Metal, 2 Pack, Black (44401AZ)</p><p> -5% 0FF </p><p>$18.98</p><a href="https://www.amazon.com/dp/B074ZRZ4CZ?tag=eloabder-20&linkCode=osi&th=1&psc=1">View Product</a></div><div class="product"><a href="https://www.amazon.com/dp/B001PME62K?tag=eloabder-20&linkCode=osi&th=1&psc=1"><img src="https://m.media-amazon.com/images/I/41gbaJu-3iL._SL500_.jpg" alt="Product Image"></a><p>Swingline Stapler, 40 Sheet Capacity, Optima 40, Jam Free, Reduced Effort, Soft Grip, Metal, Orange and Gray (87845)</p><p> -14% 0FF </p><p>$24.19</p><a href="https://www.amazon.com/dp/B001PME62K?tag=eloabder-20&linkCode=osi&th=1&psc=1">View Product</a></div><div class="product"><a href="https://www.amazon.com/dp/B0D2JBKYM1?tag=eloabder-20&linkCode=osi&th=1&psc=1"><img src="https://m.media-amazon.com/images/I/41zFTU9QpfL._SL500_.jpg" alt="Product Image"></a><p>Bostitch Office Stapler, No-Jam Premium for Desktop, Includes 1,250 Staples, Full-Strip, 25 Sheet Capacity, Black</p><p> -26% 0FF </p><p>$6.99</p><a href="https://www.amazon.com/dp/B0D2JBKYM1?tag=eloabder-20&linkCode=osi&th=1&psc=1">View Product</a></div><div class="product"><a href="https://www.amazon.com/dp/B0CC5GJKM1?tag=eloabder-20&linkCode=osi&th=1&psc=1"><img src="https://m.media-amazon.com/images/I/41JDDoSZQiL._SL500_.jpg" alt="Product Image"></a><p>Metal Stapler Heavy Duty 50 Sheet Capacity with 1750 Staples and Staple Remover, Full Strip Staplers for Desk, No Jam, Non-Slip for Office & Classroom, Black</p><p> -33% 0FF </p><p>$13.29</p><a href="https://www.amazon.com/dp/B0CC5GJKM1?tag=eloabder-20&linkCode=osi&th=1&psc=1">View Product</a></div><div class="product"><a href="https://www.amazon.com/dp/B0006HUQZ6?tag=eloabder-20&linkCode=osi&th=1&psc=1"><img src="https://m.media-amazon.com/images/I/31e-T-f1TGL._SL500_.jpg" alt="Product Image"></a><p>Swingline Stapler, 30 Sheet Capacity, 747 Business Stapler, Jam Free, Metal, Rio Red (74736)</p><p> -23% 0FF </p><p>$15.30</p><a href="https://www.amazon.com/dp/B0006HUQZ6?tag=eloabder-20&linkCode=osi&th=1&psc=1">View Product</a></div>
<div class="product"><a href="https://www.amazon.com/dp/B00J8PJJF0?tag=eloabder-20&linkCode=osi&th=1&psc=1"><img src="https://m.media-amazon.com/images/I/418dc+5ZGkL._SL500_.jpg" alt="Product Image"></a><p>Bostitch Office Premium Standard Staples, 1/4" Full Strip, Box of 5,000 Staples</p><p> -27% 0FF </p><p>$4.39</p><a href="https://www.amazon.com/dp/B00J8PJJF0?tag=eloabder-20&linkCode=osi&th=1&psc=1">View Product</a></div><div class="product"><a href="https://www.amazon.com/dp/B079VYR12V?tag=eloabder-20&linkCode=osi&th=1&psc=1"><img src="https://m.media-amazon.com/images/I/51xAt88vqrL._SL500_.jpg" alt="Product Image"></a><p>Officemate Standard Staples, 10 Boxes General Purpose Staple (91950)</p><p> -10% 0FF </p><p>$14.37</p><a href="https://www.amazon.com/dp/B079VYR12V?tag=eloabder-20&linkCode=osi&th=1&psc=1">View Product</a></div><div class="product"><a href="https://www.amazon.com/dp/B00006IFMQ?tag=eloabder-20&linkCode=osi&th=1&psc=1"><img src="https://m.media-amazon.com/images/I/51UsWZuFq8L._SL500_.jpg" alt="Product Image"></a><p>Bostitch Office B8 PowerCrown 0.25 Inch Staples, Pack of 5,000 Staples (STCRP21151/4), Silver</p><p> -30% 0FF </p><p>$2.33</p><a href="https://www.amazon.com/dp/B00006IFMQ?tag=eloabder-20&linkCode=osi&th=1&psc=1">View Product</a></div>
<div class="product"><a href="https://www.amazon.com/dp/B000J07BRQ?tag=eloabder-20&linkCode=osi&th=1&psc=1"><img src="https://m.media-amazon.com/images/I/51QpJKjajbL._SL500_.jpg" alt="Product Image"></a><p>Scotch Heavy Duty Shipping Packing Tape, Clear, Packing Tape for Moving Boxes and Packaging Supplies, 1.88 in. x 22.2 yd., 6 Roll Dispensers, Moving Supplies</p><p> -35% 0FF </p><p>$12.99</p><a href="https://www.amazon.com/dp/B000J07BRQ?tag=eloabder-20&linkCode=osi&th=1&psc=1">View Product</a></div><div class="product"><a href="https://www.amazon.com/dp/B0000DH8HQ?tag=eloabder-20&linkCode=osi&th=1&psc=1"><img src="https://m.media-amazon.com/images/I/414lAY+087L._SL500_.jpg" alt="Product Image"></a><p>Scotch Magic Tape, Invisible Transparent Tape, 6 Tape Rolls with Dispensers, 3/4 in x 650 in</p><p> -23% 0FF </p><p>$12.34</p><a href="https://www.amazon.com/dp/B0000DH8HQ?tag=eloabder-20&linkCode=osi&th=1&psc=1">View Product</a></div><div class="product"><a href="https://www.amazon.com/dp/B0DQHV6X92?tag=eloabder-20&linkCode=osi&th=1&psc=1"><img src="https://m.media-amazon.com/images/I/51ViCFlgldL._SL500_.jpg" alt="Product Image"></a><p>BeataTap Tape, Invisible Tape, 6 Rolls + 6 Refillable Dispensers, Matte Finish, Writable, 3/4″ x 650″, Transparent Tape, Clear Tape for Gift Wrapping Paper, School Supplies</p><p> -15% 0FF </p><p>$5.94 ($0.99 / Count)</p><a href="https://www.amazon.com/dp/B0DQHV6X92?tag=eloabder-20&linkCode=osi&th=1&psc=1">View Product</a></div><div class="product"><a href="https://www.amazon.com/dp/B07CB6LN5S?tag=eloabder-20&linkCode=osi&th=1&psc=1"><img src="https://m.media-amazon.com/images/I/41NNyeISnjL._SL500_.jpg" alt="Product Image"></a><p>Scotch Super-Hold Tape, 2 Rolls, Transparent Finish, 50% More Adhesive, Trusted Favorite, 3/4 x 600 Inches, Dispensered (198DM-2)</p><p> -30% 0FF </p><p>$5.97</p><a href="https://www.amazon.com/dp/B07CB6LN5S?tag=eloabder-20&linkCode=osi&th=1&psc=1">View Product</a></div><div class="product"><a href="https://www.amazon.com/dp/B00464740A?tag=eloabder-20&linkCode=osi&th=1&psc=1"><img src="https://m.media-amazon.com/images/I/51ZPFoiGfuL._SL500_.jpg" alt="Product Image"></a><p>Scotch Sure Start Shipping Packaging Tape, 1.88" x 22.2 yd, Designed for Packing, Shipping and Mailing, Quiet Unwind, No Splitting or Tearing, 1.5" Core, Clear, 6 Dispensered Rolls (145-6)</p><p> -28% 0FF </p><p>$13.48</p><a href="https://www.amazon.com/dp/B00464740A?tag=eloabder-20&linkCode=osi&th=1&psc=1">View Product</a></div><div class="product"><a href="https://www.amazon.com/dp/B09C6LLG9P?tag=eloabder-20&linkCode=osi&th=1&psc=1"><img src="https://m.media-amazon.com/images/I/41rbv66ZNBL._SL500_.jpg" alt="Product Image"></a><p>Scotch Box Lock Packaging Tape, 1 Roll with Dispenser, 1.88 in x 1000 in, Extreme Grip, Sticks Instantly to Any Box (195L)</p><p> -31% 0FF </p><p>$4.12</p><a href="https://www.amazon.com/dp/B09C6LLG9P?tag=eloabder-20&linkCode=osi&th=1&psc=1">View Product</a></div>
<div class="product"><a href="https://www.amazon.com/dp/B08QQZ71CV?tag=eloabder-20&linkCode=osi&th=1&psc=1"><img src="https://m.media-amazon.com/images/I/51Foz0aGYoS._SL500_.jpg" alt="Product Image"></a><p>Gorilla Super Glue, Clear Glue, Four 3 Gram Tubes (Pack of 1) - All Purpose and Fast Setting for Projects and Repairs</p><p> -25% 0FF </p><p>$9.49 ($22.60 / Ounce)</p><a href="https://www.amazon.com/dp/B08QQZ71CV?tag=eloabder-20&linkCode=osi&th=1&psc=1">View Product</a></div><div class="product"><a href="https://www.amazon.com/dp/B07J6R3GK7?tag=eloabder-20&linkCode=osi&th=1&psc=1"><img src="https://m.media-amazon.com/images/I/31kdOjGBkpL._SL500_.jpg" alt="Product Image"></a><p>Amazon Basics All Purpose Washable School Clear Liquid Glue - Great for Making Slime, 128 fl oz</p><p> -6% 0FF </p><p>$16.13</p><a href="https://www.amazon.com/dp/B07J6R3GK7?tag=eloabder-20&linkCode=osi&th=1&psc=1">View Product</a></div><div class="product"><a href="https://www.amazon.com/dp/B00178QQJ8?tag=eloabder-20&linkCode=osi&th=1&psc=1"><img src="https://m.media-amazon.com/images/I/41zs6k410RL._SL500_.jpg" alt="Product Image"></a><p>Mod Podge Gloss Sealer, Glue & Finish: All-in-One Craft Solution- Quick Dry, Easy Clean, for Wood, Paper, Fabric & More. Non-Toxic - Craft with Confidence, Made in USA, 16 oz., Pack of 1</p><p> -36% 0FF </p><p>$7.99 ($0.50 / Fl Oz)</p><a href="https://www.amazon.com/dp/B00178QQJ8?tag=eloabder-20&linkCode=osi&th=1&psc=1">View Product</a></div><div class="product"><a href="https://www.amazon.com/dp/B073V14DZJ?tag=eloabder-20&linkCode=osi&th=1&psc=1"><img src="https://m.media-amazon.com/images/I/31Iyy5+vk6L._SL500_.jpg" alt="Product Image"></a><p>Amazon Basics All Purpose Washable School Craft Liquid Glue for Making Slime, White, Single Pack, 1 Gallon</p><p> -7% 0FF </p><p>$15.54</p><a href="https://www.amazon.com/dp/B073V14DZJ?tag=eloabder-20&linkCode=osi&th=1&psc=1">View Product</a></div><div class="product"><a href="https://www.amazon.com/dp/B0006HUJCQ?tag=eloabder-20&linkCode=osi&th=1&psc=1"><img src="https://m.media-amazon.com/images/I/511pTqChTCL._SL500_.jpg" alt="Product Image"></a><p>Loctite Super Glue Gel Control, Clear, 0.14 fl oz Bottle, 1 Pack - Superglue for Plastic, Wood, Metal, Crafts & Repair, Cyanoacrylate Adhesive Instant Glue, Quick Dry</p><p> -13% 0FF </p><p>$3.64 ($26.00 / Fl Oz)</p><a href="https://www.amazon.com/dp/B0006HUJCQ?tag=eloabder-20&linkCode=osi&th=1&psc=1">View Product</a></div>
<div class="product"><a href="https://www.amazon.com/dp/B074XTRX7K?tag=eloabder-20&linkCode=osi&th=1&psc=1"><img src="https://m.media-amazon.com/images/I/31rOPIrMfDL._SL500_.jpg" alt="Product Image"></a><p>Amazon Basics Sturdy Binder Clips for Office Use, 96 Count (8 Pack of 12), Medium, 1.25 in, Black</p><p> -26% 0FF </p><p>$7.48</p><a href="https://www.amazon.com/dp/B074XTRX7K?tag=eloabder-20&linkCode=osi&th=1&psc=1">View Product</a></div><div class="product"><a href="https://www.amazon.com/dp/B00TQ8FDB8?tag=eloabder-20&linkCode=osi&th=1&psc=1"><img src="https://m.media-amazon.com/images/I/51y7lUrMLnL._SL500_.jpg" alt="Product Image"></a><p>ACCO Binder Clips, Medium, Black, 12 per Box, 2 Boxes (72062)</p><p> -25% 0FF </p><p>$5.96</p><a href="https://www.amazon.com/dp/B00TQ8FDB8?tag=eloabder-20&linkCode=osi&th=1&psc=1">View Product</a></div><div class="product"><a href="https://www.amazon.com/dp/B08KWCDP3C?tag=eloabder-20&linkCode=osi&th=1&psc=1"><img src="https://m.media-amazon.com/images/I/41qucDz6HuL._SL500_.jpg" alt="Product Image"></a><p>Ufmarine Medium Binder Clips 1.25 inch Length, (40 Pcs) Colorful Paper Clips Medium for Office</p><p> -12% 0FF </p><p>$5.99</p><a href="https://www.amazon.com/dp/B08KWCDP3C?tag=eloabder-20&linkCode=osi&th=1&psc=1">View Product</a></div>
<div class="product"><a href="https://www.amazon.com/dp/B09XQLJFDD?tag=eloabder-20&linkCode=osi&th=1&psc=1"><img src="https://m.media-amazon.com/images/I/41iiSFMy4uL._SL500_.jpg" alt="Product Image"></a><p>PAPERPAL Paperclips for Office School & Personal Use, #1 Nonskid Paper Clip (1-2/7"), 600 Medium Paper Clips (6 Boxes of 100 Each), Silver</p><p> -20% 0FF </p><p>$7.99</p><a href="https://www.amazon.com/dp/B09XQLJFDD?tag=eloabder-20&linkCode=osi&th=1&psc=1">View Product</a></div>

<div class="product"><a href="https://www.amazon.com/dp/B004I2G8NO?tag=eloabder-20&linkCode=osi&th=1&psc=1"><img src="https://m.media-amazon.com/images/I/51WEsLRINGL._SL500_.jpg" alt="Product Image"></a><p>Business Source Rubber Band, Natural (1914LB)</p><p> -26% 0FF </p><p>$4.00</p><a href="https://www.amazon.com/dp/B004I2G8NO?tag=eloabder-20&linkCode=osi&th=1&psc=1">View Product</a></div><div class="product"><a href="https://www.amazon.com/dp/B077GDY1LP?tag=eloabder-20&linkCode=osi&th=1&psc=1"><img src="https://m.media-amazon.com/images/I/41nn0nmNTiL._SL500_.jpg" alt="Product Image"></a><p>ANNIE 1000 RUBBER BANDS 1/2" #BLACK</p><p> -7% 0FF </p><p>$4.90 ($1.22 / Count)</p><a href="https://www.amazon.com/dp/B077GDY1LP?tag=eloabder-20&linkCode=osi&th=1&psc=1">View Product</a></div><div class="product"><a href="https://www.amazon.com/dp/B000783OPI?tag=eloabder-20&linkCode=osi&th=1&psc=1"><img src="https://m.media-amazon.com/images/I/510okXKzMqL._SL500_.jpg" alt="Product Image"></a><p>Universal 00419 19-Size Rubber Bands (335 Per Pack), Beige</p><p> -29% 0FF </p><p>$3.44</p><a href="https://www.amazon.com/dp/B000783OPI?tag=eloabder-20&linkCode=osi&th=1&psc=1">View Product</a></div><div class="product"><a href="https://www.amazon.com/dp/B00006IBRU?tag=eloabder-20&linkCode=osi&th=1&psc=1"><img src="https://m.media-amazon.com/images/I/51pU5khkX8L._SL500_.jpg" alt="Product Image"></a><p>ALL26335 - Alliance Rubber 26335 Advantage Rubber Bands - Size #33, Natural, 1 Pound 3 x 1/8 inches</p><p> -62% 0FF </p><p>$3.29</p><a href="https://www.amazon.com/dp/B00006IBRU?tag=eloabder-20&linkCode=osi&th=1&psc=1">View Product</a></div>
<div class="product"><a href="https://www.amazon.com/dp/B0DSKTZBB6?tag=eloabder-20&linkCode=osi&th=1&psc=1"><img src="https://m.media-amazon.com/images/I/415YD3kNFlL._SL500_.jpg" alt="Product Image"></a><p>300 Count Colored Index Cards 3 x 5 Inch Ruled Index Cards, Flash Cards College Ruled for School, College, Office and Home Organization, Durable Study To Do List Note Cards with Ruled Lines</p><p> -10% 0FF </p><p>$6.29</p><a href="https://www.amazon.com/dp/B0DSKTZBB6?tag=eloabder-20&linkCode=osi&th=1&psc=1">View Product</a></div><div class="product"><a href="https://www.amazon.com/dp/B09JYQZQ3V?tag=eloabder-20&linkCode=osi&th=1&psc=1"><img src="https://m.media-amazon.com/images/I/41y5vfnutuL._SL500_.jpg" alt="Product Image"></a><p>Oxford Index Cards, 3 x 5 Inches, White, Lined on Front, Blank on Back, Flashcards for School and Studying, Recipe Note Cards, 500 Count (5 Packs of 100) (40176)</p><p> -22% 0FF </p><p>$7.01</p><a href="https://www.amazon.com/dp/B09JYQZQ3V?tag=eloabder-20&linkCode=osi&th=1&psc=1">View Product</a></div>
<div class="product"><a href="https://www.amazon.com/dp/B00P9U2EM8?tag=eloabder-20&linkCode=osi&th=1&psc=1"><img src="https://m.media-amazon.com/images/I/41Op5kyIukL._SL500_.jpg" alt="Product Image"></a><p>Mead Spiral Notebook, 6 Pack, 1 Subject, College Ruled Paper, 7-1/2" x 10-1/2", 70 Sheets per Notebook, Colors Will Vary (830062-ECM25)</p><p> -46% 0FF </p><p>$6.71</p><a href="https://www.amazon.com/dp/B00P9U2EM8?tag=eloabder-20&linkCode=osi&th=1&psc=1">View Product</a></div><div class="product"><a href="https://www.amazon.com/dp/B0CQN8FVJX?tag=eloabder-20&linkCode=osi&th=1&psc=1"><img src="https://m.media-amazon.com/images/I/414WVVoGFPL._SL500_.jpg" alt="Product Image"></a><p>SUNEE Spiral Notebooks, 1-Subject, 5 Pack, College Ruled Paper, 8" x 10-1/2", 70 Sheets per Notebook,3-Hole Punched Paper, Pink,Purple, Blue, Green, Yellow Spiral Lined Notebooks for School,Work</p><p> -29% 0FF </p><p>$9.99</p><a href="https://www.amazon.com/dp/B0CQN8FVJX?tag=eloabder-20&linkCode=osi&th=1&psc=1">View Product</a></div><div class="product"><a href="https://www.amazon.com/dp/B08NYRMWZ8?tag=eloabder-20&linkCode=osi&th=1&psc=1"><img src="https://m.media-amazon.com/images/I/41y1cnNXtOL._SL500_.jpg" alt="Product Image"></a><p>Yansanido Spiral Notebook, 4 Pcs 8.3 Inch x 5.9 Inch A5 Thick Plastic Hardcover 8mm Ruled 4 Color 80 Sheets -160 Pages Journals for Study and Notes (style 10-Wine Red,Brown,Green,ivory, A5)</p><p> -23% 0FF </p><p>$9.99</p><a href="https://www.amazon.com/dp/B08NYRMWZ8?tag=eloabder-20&linkCode=osi&th=1&psc=1">View Product</a></div><div class="product"><a href="https://www.amazon.com/dp/B08VF9VYLZ?tag=eloabder-20&linkCode=osi&th=1&psc=1"><img src="https://m.media-amazon.com/images/I/41ktUSmtHAL._SL500_.jpg" alt="Product Image"></a><p>Oxford Spiral Notebooks, 6 Pack, 1 Subject, Wide Ruled Notebooks for School, 8 x 10.5 Inches, 70 Sheets, Assorted Pastel Colors, Back to School Supplies (63757)</p><p> -6% 0FF </p><p>$8.99</p><a href="https://www.amazon.com/dp/B08VF9VYLZ?tag=eloabder-20&linkCode=osi&th=1&psc=1">View Product</a></div>
<div class="product"><a href="https://www.amazon.com/dp/B0FDRCSXZH?tag=eloabder-20&linkCode=osi&th=1&psc=1"><img src="https://m.media-amazon.com/images/I/41rYztS-0zL._SL500_.jpg" alt="Product Image"></a><p>5pcs Small Note Pads, Color Notepads 5x8 College Ruled Notebook, Writing Pads 5 x 8, Legal Pads, Memo Pad Paper Perforate Narrow Ruled Notebooks for Work, School, Office Supplies,30 Sheets/Pack</p><p> -14% 0FF </p><p>$5.99</p><a href="https://www.amazon.com/dp/B0FDRCSXZH?tag=eloabder-20&linkCode=osi&th=1&psc=1">View Product</a></div><div class="product"><a href="https://www.amazon.com/dp/B0BZQNCV62?tag=eloabder-20&linkCode=osi&th=1&psc=1"><img src="https://m.media-amazon.com/images/I/41yNqvqCwoL._SL500_.jpg" alt="Product Image"></a><p>Alitte Legal Notepads 8.5 x 11, Pack of 12 - Perforated Wide Ruled Writing Pad - Premium Thick Paper, No Ink Bleeding - Blank Legal Pads For Home, Office, School, Business - 50 Sheets Per Notebook</p><p> -17% 0FF </p><p>$24.99</p><a href="https://www.amazon.com/dp/B0BZQNCV62?tag=eloabder-20&linkCode=osi&th=1&psc=1">View Product</a></div>
<div class="product"><a href="https://www.amazon.com/dp/B0C7S1PCX4?tag=eloabder-20&linkCode=osi&th=1&psc=1"><img src="https://m.media-amazon.com/images/I/41nVRBg2klL._SL500_.jpg" alt="Product Image"></a><p>Oxford 8.5 x 11 Legal Pads, 12 Pack, Wide Ruled, Yellow Paper, 50 Sheets Per Writing Pad, Made in the USA (74020)</p><p> -30% 0FF </p><p>$12.60</p><a href="https://www.amazon.com/dp/B0C7S1PCX4?tag=eloabder-20&linkCode=osi&th=1&psc=1">View Product</a></div><div class="product"><a href="https://www.amazon.com/dp/B0CGF22134?tag=eloabder-20&linkCode=osi&th=1&psc=1"><img src="https://m.media-amazon.com/images/I/41FzLgeXAyL._SL500_.jpg" alt="Product Image"></a><p>MSKKSM Legal Pads 8.5 x 11, 3 Pack Yellow Note Pads 8.5 x 11 Writing Pads, Wide Ruled Legal Notepads, Lined Pads of Paper Yellow Paper Pads, 30 Sheets Per Notepad for School, Home, Office, Business</p><p> -17% 0FF </p><p>$9.99</p><a href="https://www.amazon.com/dp/B0CGF22134?tag=eloabder-20&linkCode=osi&th=1&psc=1">View Product</a></div><div class="product"><a href="https://www.amazon.com/dp/B0FCMWHFC2?tag=eloabder-20&linkCode=osi&th=1&psc=1"><img src="https://m.media-amazon.com/images/I/41MMVFB-S4L._SL500_.jpg" alt="Product Image"></a><p>5pcs Legal Pads 8.5 x 11, Notepads 8.5 x 11 Inch, Color Note Pads Clear Print Writing Pads of Paper, Memo Pads , Perforate Legal Notepads Paper , Wide Ruled Lined with Sturdy Back,30 Sheets/Pack</p><p> -8% 0FF </p><p>$11.99</p><a href="https://www.amazon.com/dp/B0FCMWHFC2?tag=eloabder-20&linkCode=osi&th=1&psc=1">View Product</a></div>
<div class="product"><a href="https://www.amazon.com/dp/B08H593JZG?tag=eloabder-20&linkCode=osi&th=1&psc=1"><img src="https://m.media-amazon.com/images/I/415Ykzo-lyL._SL500_.jpg" alt="Product Image"></a><p>Eastern Wolf 8 Pads Sticky Notes 3x3 Self-Stick Notes 8 Bright Multi Colors Purple Sticky Notes, 85 Sheet/Pad</p><p> -20% 0FF </p><p>$5.59</p><a href="https://www.amazon.com/dp/B08H593JZG?tag=eloabder-20&linkCode=osi&th=1&psc=1">View Product</a></div><div class="product"><a href="https://www.amazon.com/dp/B0BPJW13CM?tag=eloabder-20&linkCode=osi&th=1&psc=1"><img src="https://m.media-amazon.com/images/I/41uKwTyz1rL._SL500_.jpg" alt="Product Image"></a><p>Post-it 100% Recycled Paper Super Sticky Notes, 2X The Sticking Power, 3x3 in, 5 Pads, 70 Sheets/Pad, Wanderlust Pastels Collection (654R-5SSNRP)</p><p> -33% 0FF </p><p>$5.98</p><a href="https://www.amazon.com/dp/B0BPJW13CM?tag=eloabder-20&linkCode=osi&th=1&psc=1">View Product</a></div><div class="product"><a href="https://www.amazon.com/dp/B0D6RPPK9H?tag=eloabder-20&linkCode=osi&th=1&psc=1"><img src="https://m.media-amazon.com/images/I/41O8zZ-RN4L._SL500_.jpg" alt="Product Image"></a><p>(18 Pads) Sticky Notes 3x3 inch, Self-Stick Pads Bright Colors Sticky Note, Recyclable, Easy to Post for Home, Office, Notebook</p><p> -40% 0FF </p><p>$8.39</p><a href="https://www.amazon.com/dp/B0D6RPPK9H?tag=eloabder-20&linkCode=osi&th=1&psc=1">View Product</a></div><div class="product"><a href="https://www.amazon.com/dp/B0CMGJ6FRB?tag=eloabder-20&linkCode=osi&th=1&psc=1"><img src="https://m.media-amazon.com/images/I/41xF9DqIGZL._SL500_.jpg" alt="Product Image"></a><p>Sticky Notes, 12 Pads, 3x3 inches, Soft Pastel Self-Stick Note Pads, Perfect for Office, Study, and Daily Life Organization - Soft Pastel</p><p> -16% 0FF </p><p>$5.06</p><a href="https://www.amazon.com/dp/B0CMGJ6FRB?tag=eloabder-20&linkCode=osi&th=1&psc=1">View Product</a></div>
<div class="product"><a href="https://www.amazon.com/dp/B07VRYX57R?tag=eloabder-20&linkCode=osi&th=1&psc=1"><img src="https://m.media-amazon.com/images/I/410XbLRqukL._SL500_.jpg" alt="Product Image"></a><p>(24 Pack) Sticky Notes 3x3 in Post Bright Stickies Colorful Super Sticking Power Memo Pads, Strong Adhesive, 74 Sheets/pad</p><p> -35% 0FF </p><p>$16.99</p><a href="https://www.amazon.com/dp/B07VRYX57R?tag=eloabder-20&linkCode=osi&th=1&psc=1">View Product</a></div><div class="product"><a href="https://www.amazon.com/dp/B00QSR9PRI?tag=eloabder-20&linkCode=osi&th=1&psc=1"><img src="https://m.media-amazon.com/images/I/31n-YNlgraL._SL500_.jpg" alt="Product Image"></a><p>Amazon Basics Narrow Ruled Lined Writing Note Pad, 5 inch x 8 inch, White, 12 Count (12 Pack of 50 pages)</p><p> -6% 0FF </p><p>$8.78</p><a href="https://www.amazon.com/dp/B00QSR9PRI?tag=eloabder-20&linkCode=osi&th=1&psc=1">View Product</a></div><div class="product"><a href="https://www.amazon.com/dp/B0D5M4D3NN?tag=eloabder-20&linkCode=osi&th=1&psc=1"><img src="https://m.media-amazon.com/images/I/41uzPvHBCDL._SL500_.jpg" alt="Product Image"></a><p>(12 Pack) Lined Sticky Notes 4x6 in Ruled Stickies Super Sticking Power Memo Pads Bright Colors</p><p> -40% 0FF </p><p>$8.98</p><a href="https://www.amazon.com/dp/B0D5M4D3NN?tag=eloabder-20&linkCode=osi&th=1&psc=1">View Product</a></div><div class="product"><a href="https://www.amazon.com/dp/B0CQK3M5VK?tag=eloabder-20&linkCode=osi&th=1&psc=1"><img src="https://m.media-amazon.com/images/I/31jKEzc1qFL._SL500_.jpg" alt="Product Image"></a><p>Note Pads 4x6 Inch, 6 Pack Blank Scratch Pads, 50 Sheets Per Memo Pad for Writing, White Pad of Paper Suit for Home, Office and School, Tear off Notepad, Small Server Notebook</p><p> -10% 0FF </p><p>$6.29</p><a href="https://www.amazon.com/dp/B0CQK3M5VK?tag=eloabder-20&linkCode=osi&th=1&psc=1">View Product</a></div>
<div class="product"><a href="https://www.amazon.com/dp/B0F5D4VNBX?tag=eloabder-20&linkCode=osi&th=1&psc=1"><img src="https://m.media-amazon.com/images/I/41SnXbixNcL._SL500_.jpg" alt="Product Image"></a><p>Blue Sky 2026 Weekly and Monthly Planner Calendar, Includes January 2026 - December 2026, 5" x 8", Flexible Cover, Wirebound, Laminated Tabs, Enterprise</p><p> -10% 0FF </p><p>$8.99</p><a href="https://www.amazon.com/dp/B0F5D4VNBX?tag=eloabder-20&linkCode=osi&th=1&psc=1">View Product</a></div><div class="product"><a href="https://www.amazon.com/dp/B0FRNQDRCR?tag=eloabder-20&linkCode=osi&th=1&psc=1"><img src="https://m.media-amazon.com/images/I/51rBf1oJchL._SL500_.jpg" alt="Product Image"></a><p>Essential PRO 2026 Daily, Weekly & Monthly Planner, 7"x9": 14 Months (Nov 2025 - Dec 2026) Monthly Tabs,Daily Tracking,Notes Pages,Storage Pocket,Bookmark w Sticky Notes (Tree Seasons)</p><p> -14% 0FF </p><p>$29.95</p><a href="https://www.amazon.com/dp/B0FRNQDRCR?tag=eloabder-20&linkCode=osi&th=1&psc=1">View Product</a></div><div class="product"><a href="https://www.amazon.com/dp/B0DYBQWJ5S?tag=eloabder-20&linkCode=osi&th=1&psc=1"><img src="https://m.media-amazon.com/images/I/41UP6Ui7BjL._SL500_.jpg" alt="Product Image"></a><p>AT-A-GLANCE 2026 Appointment Book Planner, Weekly, 8" x 11", Large, Quarter-Hourly, DayMinder, Black (G5200026)</p><p> -45% 0FF </p><p>$15.87</p><a href="https://www.amazon.com/dp/B0DYBQWJ5S?tag=eloabder-20&linkCode=osi&th=1&psc=1">View Product</a></div><div class="product"><a href="https://www.amazon.com/dp/B0DJ8SXCR4?tag=eloabder-20&linkCode=osi&th=1&psc=1"><img src="https://m.media-amazon.com/images/I/41sRmmLvCsL._SL500_.jpg" alt="Product Image"></a><p>Planner 2025-2026, Weekly and Monthly Calendar Academic Planner (July 2025 - June 2026), Hardcover Teacher School Student Agenda with Tabs, Ideal for School Office Supplies, A5 (6.3" x 8.5") - Green</p><p> -25% 0FF </p><p>$8.99</p><a href="https://www.amazon.com/dp/B0DJ8SXCR4?tag=eloabder-20&linkCode=osi&th=1&psc=1">View Product</a></div><div class="product"><a href="https://www.amazon.com/dp/B0D2VW43KP?tag=eloabder-20&linkCode=osi&th=1&psc=1"><img src="https://m.media-amazon.com/images/I/41eyA1Q1U4L._SL500_.jpg" alt="Product Image"></a><p>Forvencer 2026 Planner, Hardcover Calendar Planner Weekly and Monthly, January 2026 - December 2026, 8.5" x 11", Spiral Agenda Book with Tabs, Exquisite Daily Journal with Inner Pocket, Organizer Notebook for Office Home School, A4 Size, Green</p><p> -41% 0FF </p><p>$9.99</p><a href="https://www.amazon.com/dp/B0D2VW43KP?tag=eloabder-20&linkCode=osi&th=1&psc=1">View Product</a></div>
<div class="product"><a href="https://www.amazon.com/dp/B0DYBYRY3R?tag=eloabder-20&linkCode=osi&th=1&psc=1"><img src="https://m.media-amazon.com/images/I/41oxPcKnCuL._SL500_.jpg" alt="Product Image"></a><p>AT-A-GLANCE 2026 Desk Calendar, Monthly, Desk Pad, 21-3/4" x 17", Large, Ruled Blocks (SK240026)</p><p> -19% 0FF </p><p>$11.89</p><a href="https://www.amazon.com/dp/B0DYBYRY3R?tag=eloabder-20&linkCode=osi&th=1&psc=1">View Product</a></div><div class="product"><a href="https://www.amazon.com/dp/B0DXQ416QR?tag=eloabder-20&linkCode=osi&th=1&psc=1"><img src="https://m.media-amazon.com/images/I/41o3YUjfIVL._SL500_.jpg" alt="Product Image"></a><p>Aesthetic 2025-2026 Wall Calendar - Runs from May 2025 Until December 2026 - The Perfect Modern Calendar Planner for Easy Organizing</p><p> -43% 0FF </p><p>$3.99</p><a href="https://www.amazon.com/dp/B0DXQ416QR?tag=eloabder-20&linkCode=osi&th=1&psc=1">View Product</a></div><div class="product"><a href="https://www.amazon.com/dp/B0CCRXKSK8?tag=eloabder-20&linkCode=osi&th=1&psc=1"><img src="https://m.media-amazon.com/images/I/51eOdkimr+L._SL500_.jpg" alt="Product Image"></a><p>SUNEE Wall Calendar 2025-2026 Large 22.75"x15.5", 21 Month Calendar from October 2025 to June 2027, Vertical Extra Large Monthly Calendar 2026 for Wall, Seasons Color</p><p> -24% 0FF </p><p>$15.19</p><a href="https://www.amazon.com/dp/B0CCRXKSK8?tag=eloabder-20&linkCode=osi&th=1&psc=1">View Product</a></div><div class="product"><a href="https://www.amazon.com/dp/B0F7HZ7C9G?tag=eloabder-20&linkCode=osi&th=1&psc=1"><img src="https://m.media-amazon.com/images/I/41rkKO18HGL._SL500_.jpg" alt="Product Image"></a><p>Beautiful 2025-2026 Wall Calendar - Runs from July 2025 until December 2026 – Large 14.5" x 11.5" Office Wall Calendar for Easy Organizing</p><p> -10% 0FF </p><p>$8.99</p><a href="https://www.amazon.com/dp/B0F7HZ7C9G?tag=eloabder-20&linkCode=osi&th=1&psc=1">View Product</a></div><div class="product"><a href="https://www.amazon.com/dp/B0DYDC7ZLV?tag=eloabder-20&linkCode=osi&th=1&psc=1"><img src="https://m.media-amazon.com/images/I/51MOLWJ45HL._SL500_.jpg" alt="Product Image"></a><p>XISIDO 2025-2026 Wall Calendar, Calendar 2025-2026, 18 Month Calendar July 2025 - December 2026, 14.8" X 11.5", Calendar with Twin-Wire Binding, Hanging Hook and Julian Dates (Seasonal Designs)</p><p> -20% 0FF </p><p>$7.99</p><a href="https://www.amazon.com/dp/B0DYDC7ZLV?tag=eloabder-20&linkCode=osi&th=1&psc=1">View Product</a></div><div class="product"><a href="https://www.amazon.com/dp/B0D2KCVBBD?tag=eloabder-20&linkCode=osi&th=1&psc=1"><img src="https://m.media-amazon.com/images/I/51Eg-3ZKZxL._SL500_.jpg" alt="Product Image"></a><p>XISIDO Calendar 2025-2026, 18 Months Wall Calendar July 2025 to Dec 2026 Calendar with Julian Dates, 11" X 8.5" (Colorful)</p><p> -33% 0FF </p><p>$3.99</p><a href="https://www.amazon.com/dp/B0D2KCVBBD?tag=eloabder-20&linkCode=osi&th=1&psc=1">View Product</a></div><div class="product"><a href="https://www.amazon.com/dp/B0DY7R9226?tag=eloabder-20&linkCode=osi&th=1&psc=1"><img src="https://m.media-amazon.com/images/I/41eTUjCfzFL._SL500_.jpg" alt="Product Image"></a><p>Lbylyhxc Wall Calendar 2025-2026 - Runs from July 2025 to December 2026-18 Monthly Calendar 2026. Thick Paper includes major holidays and dedicated space for notes and important dates (Colorful Calendar 2025-2026)</p><p> -50% 0FF </p><p>$2.49</p><a href="https://www.amazon.com/dp/B0DY7R9226?tag=eloabder-20&linkCode=osi&th=1&psc=1">View Product</a></div>
<div class="product"><a href="https://www.amazon.com/dp/B00NI5LVAW?tag=eloabder-20&linkCode=osi&th=1&psc=1"><img src="https://m.media-amazon.com/images/I/31X0RgqQ1ML._SL500_.jpg" alt="Product Image"></a><p>Pendaflex File Folders, Letter Size, 1/3 Cut, Manila, 250 per Box (752250)</p><p> -11% 0FF </p><p>$26.50</p><a href="https://www.amazon.com/dp/B00NI5LVAW?tag=eloabder-20&linkCode=osi&th=1&psc=1">View Product</a></div><div class="product"><a href="https://www.amazon.com/dp/B0D1YBFHS8?tag=eloabder-20&linkCode=osi&th=1&psc=1"><img src="https://m.media-amazon.com/images/I/41qkHxiS+vL._SL500_.jpg" alt="Product Image"></a><p>SUNEE File Folders, 30 Pack Manilla Folders 8.5 x 11, Colored File Folders Home Office School Supplies for Documents Files Paper, 6 Assorted Colors</p><p> -26% 0FF </p><p>$9.99</p><a href="https://www.amazon.com/dp/B0D1YBFHS8?tag=eloabder-20&linkCode=osi&th=1&psc=1">View Product</a></div><div class="product"><a href="https://www.amazon.com/dp/B000DZ9XGO?tag=eloabder-20&linkCode=osi&th=1&psc=1"><img src="https://m.media-amazon.com/images/I/31WKzTB-4WL._SL500_.jpg" alt="Product Image"></a><p>Oxford Two-Pocket Folders, Assorted Colors, Letter Size, 25 per box (57513)</p><p> -32% 0FF </p><p>$12.23</p><a href="https://www.amazon.com/dp/B000DZ9XGO?tag=eloabder-20&linkCode=osi&th=1&psc=1">View Product</a></div><div class="product"><a href="https://www.amazon.com/dp/B0F8H75MLS?tag=eloabder-20&linkCode=osi&th=1&psc=1"><img src="https://m.media-amazon.com/images/I/41GV18+8+zL._SL500_.jpg" alt="Product Image"></a><p>Plastic Folders with Pockets, 6 Pack Document Folders with Business Card Slot, 2 Pocket Folders Back to School Supplies for Kids, Office</p><p> -33% 0FF </p><p>$5.99</p><a href="https://www.amazon.com/dp/B0F8H75MLS?tag=eloabder-20&linkCode=osi&th=1&psc=1">View Product</a></div><div class="product"><a href="https://www.amazon.com/dp/B0CPDTKFVF?tag=eloabder-20&linkCode=osi&th=1&psc=1"><img src="https://m.media-amazon.com/images/I/41PQ8ToLyhL._SL500_.jpg" alt="Product Image"></a><p>Aegero Plastic Folders with Pockets (7 Pack, Assorted Colors), Durable Heavy Duty File Folders with Business Card Slot, 2-Pocket Folder for Schoolwork & Office,Letter Size…</p><p> -11% 0FF </p><p>$7.99</p><a href="https://www.amazon.com/dp/B0CPDTKFVF?tag=eloabder-20&linkCode=osi&th=1&psc=1">View Product</a></div>
<div class="product"><a href="https://www.amazon.com/dp/B0CSPT4RFH?tag=eloabder-20&linkCode=osi&th=1&psc=1"><img src="https://m.media-amazon.com/images/I/31O8kdFg7FL._SL500_.jpg" alt="Product Image"></a><p>Two Tone Color File Folders 8.5 x 11 Inch, 1/3 Cut Tab File Folders Letter Size, Assorted Colors, Blue Red Green Yellow Orange Manila File Folders, School Business Office Folders for Document -15 Pack</p><p> -13% 0FF </p><p>$6.99</p><a href="https://www.amazon.com/dp/B0CSPT4RFH?tag=eloabder-20&linkCode=osi&th=1&psc=1">View Product</a></div><div class="product"><a href="https://www.amazon.com/dp/B01MXC0YS5?tag=eloabder-20&linkCode=osi&th=1&psc=1"><img src="https://m.media-amazon.com/images/I/41YLerNwKTL._SL500_.jpg" alt="Product Image"></a><p>Pendaflex Hanging File Folders, Letter Size, Assorted Colors, 1/5-Cut Adjustable Tabs, 25 Per Box (81663)</p><p> -7% 0FF </p><p>$13.99</p><a href="https://www.amazon.com/dp/B01MXC0YS5?tag=eloabder-20&linkCode=osi&th=1&psc=1">View Product</a></div><div class="product"><a href="https://www.amazon.com/dp/B0896Q5MMC?tag=eloabder-20&linkCode=osi&th=1&psc=1"><img src="https://m.media-amazon.com/images/I/41jDOLSqtWL._SL500_.jpg" alt="Product Image"></a><p>Pendaflex Two Tone Color File Folders, Letter Size, Assorted Colors (Teal, Violet, Gray, Navy and Burgundy), 1/3-Cut Tabs, 5 Color, 100/Box, (02315)</p><p> -27% 0FF </p><p>$13.89</p><a href="https://www.amazon.com/dp/B0896Q5MMC?tag=eloabder-20&linkCode=osi&th=1&psc=1">View Product</a></div><div class="product"><a href="https://www.amazon.com/dp/B0D1YCC6KK?tag=eloabder-20&linkCode=osi&th=1&psc=1"><img src="https://m.media-amazon.com/images/I/31aHHvZVc+L._SL500_.jpg" alt="Product Image"></a><p>SUNEE File Folders, 30 Pack Manilla Folders 8.5 x 11, Colored File Folders Home Office School Supplies for Documents Files Paper,6 Pastel Colors</p><p> -26% 0FF </p><p>$9.99</p><a href="https://www.amazon.com/dp/B0D1YCC6KK?tag=eloabder-20&linkCode=osi&th=1&psc=1">View Product</a></div>
<div class="product"><a href="https://www.amazon.com/dp/B0FGXLHFDD?tag=eloabder-20&linkCode=osi&th=1&psc=1"><img src="https://m.media-amazon.com/images/I/414ng1TKsOL._SL500_.jpg" alt="Product Image"></a><p>Trandraft Plastic Extra Capacity Hanging File Folders, 5 Inch Expanding Pocket with Movable Dividers, Letter Size Black File Folders with Insertable Tabs for Filing Cabine</p><p> -5% 0FF </p><p>$18.99</p><a href="https://www.amazon.com/dp/B0FGXLHFDD?tag=eloabder-20&linkCode=osi&th=1&psc=1">View Product</a></div><div class="product"><a href="https://www.amazon.com/dp/B08QTW4GJT?tag=eloabder-20&linkCode=osi&th=1&psc=1"><img src="https://m.media-amazon.com/images/I/41OVgNttdnL._SL500_.jpg" alt="Product Image"></a><p>Pendaflex Reinforced Hanging Folders, Letter Size, Assorted Colors 1/5 Cut, Tabs and Inserts, 25 Per Box (41522AMZ)</p><p> -32% 0FF </p><p>$13.99</p><a href="https://www.amazon.com/dp/B08QTW4GJT?tag=eloabder-20&linkCode=osi&th=1&psc=1">View Product</a></div><div class="product"><a href="https://www.amazon.com/dp/B07Y67ZCJS?tag=eloabder-20&linkCode=osi&th=1&psc=1"><img src="https://m.media-amazon.com/images/I/51g37Wkw2CL._SL500_.jpg" alt="Product Image"></a><p>EASEPRES 5 Pocket Mesh Hanging Wall File Organizer, Wall Mounted Mail Paper Document Folder Holder, Clipboard Storage Organization Magazine Rack with Nametag Label for Office Home School, Black</p><p> -30% 0FF </p><p>$22.99</p><a href="https://www.amazon.com/dp/B07Y67ZCJS?tag=eloabder-20&linkCode=osi&th=1&psc=1">View Product</a></div><div class="product"><a href="https://www.amazon.com/dp/B0CGWNNBCV?tag=eloabder-20&linkCode=osi&th=1&psc=1"><img src="https://m.media-amazon.com/images/I/31SGzCfPDcL._SL500_.jpg" alt="Product Image"></a><p>SUNEE 25 Count Hanging File Folders, Pastel Colors, Hanging File Folders Letter Size, Hanging Folders with 1/5-cut Tabs, Designed for Bulky Files, Filing Cabinets, Medical Charts</p><p> -15% 0FF </p><p>$16.99</p><a href="https://www.amazon.com/dp/B0CGWNNBCV?tag=eloabder-20&linkCode=osi&th=1&psc=1">View Product</a></div><div class="product"><a href="https://www.amazon.com/dp/B00006IF4G?tag=eloabder-20&linkCode=osi&th=1&psc=1"><img src="https://m.media-amazon.com/images/I/31LuYqWSObL._SL500_.jpg" alt="Product Image"></a><p>Smead Standard Hanging File Folders, 25 Count, Assorted Primaries, 1/5-Cut Adjustable Tabs, Letter Size (64059)</p><p> -7% 0FF </p><p>$13.55</p><a href="https://www.amazon.com/dp/B00006IF4G?tag=eloabder-20&linkCode=osi&th=1&psc=1">View Product</a></div>
<div class="product"><a href="https://www.amazon.com/dp/B0C77GP9XB?tag=eloabder-20&linkCode=osi&th=1&psc=1"><img src="https://m.media-amazon.com/images/I/415Jszg3LKL._SL500_.jpg" alt="Product Image"></a><p>SKYDUE Expanding File Organizer with 8 Pockets, Accordion File Folders with Labels, Portable Document Paper Bill Receipt Organizer, Home College School Office Supplies, Letter Size, Blue</p><p> -13% 0FF </p><p>$6.98</p><a href="https://www.amazon.com/dp/B0C77GP9XB?tag=eloabder-20&linkCode=osi&th=1&psc=1">View Product</a></div><div class="product"><a href="https://www.amazon.com/dp/B0013CETUQ?tag=eloabder-20&linkCode=osi&th=1&psc=1"><img src="https://m.media-amazon.com/images/I/51GxTzd4XbL._SL500_.jpg" alt="Product Image"></a><p>Pendaflex R217DHD Heavy-Duty Expanding Open Top File, 31 Pockets, 1/3 Tab, Letter, Brown</p><p> -36% 0FF </p><p>$15.90</p><a href="https://www.amazon.com/dp/B0013CETUQ?tag=eloabder-20&linkCode=osi&th=1&psc=1">View Product</a></div><div class="product"><a href="https://www.amazon.com/dp/B000UHJCZC?tag=eloabder-20&linkCode=osi&th=1&psc=1"><img src="https://m.media-amazon.com/images/I/31bbG1gUU2L._SL500_.jpg" alt="Product Image"></a><p>Pendaflex Expanding File Pockets, Letter Size, Redrope, 3.5" Expansion, Reinforced with DuPont™ Tyvek® Material, Redrope, 25 per Box (1524E-OX)</p><p> -9% 0FF </p><p>$27.37</p><a href="https://www.amazon.com/dp/B000UHJCZC?tag=eloabder-20&linkCode=osi&th=1&psc=1">View Product</a></div><div class="product"><a href="https://www.amazon.com/dp/B000FD9YHM?tag=eloabder-20&linkCode=osi&th=1&psc=1"><img src="https://m.media-amazon.com/images/I/511Yz6zbRaL._SL500_.jpg" alt="Product Image"></a><p>Pendaflex Heavy Duty Expanding File with Extra-Thick Cover, Tyvek Reinforced Edges, 21 Pockets, A–Z Tabs, Elastic Cord Closure, Letter Size (R117ALHD),Brown</p><p> -14% 0FF </p><p>$14.99</p><a href="https://www.amazon.com/dp/B000FD9YHM?tag=eloabder-20&linkCode=osi&th=1&psc=1">View Product</a></div>

<div class="product"><a href="https://www.amazon.com/dp/B0033J6V3A?tag=eloabder-20&linkCode=osi&th=1&psc=1"><img src="https://m.media-amazon.com/images/I/21o5ASbichL._SL500_.jpg" alt="Product Image"></a><p>NuSparc 2 Drawer Locking Filing Cabinet | Pre-Assembled Steel Construction | Space-Saving Design is Perfect for Home and Small Office | Letter-Size | Assembled in North America</p><p> -14% 0FF </p><p>$76.99</p><a href="https://www.amazon.com/dp/B0033J6V3A?tag=eloabder-20&linkCode=osi&th=1&psc=1">View Product</a></div><div class="product"><a href="https://www.amazon.com/dp/B0D9XYD75W?tag=eloabder-20&linkCode=osi&th=1&psc=1"><img src="https://m.media-amazon.com/images/I/31VM3xK++PL._SL500_.jpg" alt="Product Image"></a><p>BYNSOE 2 Drawer File Cabinet with Lock Vertical Filing Storage Cabinet Office Home Steel Vertical File Cabinets for Letter Size File Cabinet Locked,Assembly Required</p><p> -8% 0FF </p><p>$54.99</p><a href="https://www.amazon.com/dp/B0D9XYD75W?tag=eloabder-20&linkCode=osi&th=1&psc=1">View Product</a></div><div class="product"><a href="https://www.amazon.com/dp/B0989HLF81?tag=eloabder-20&linkCode=osi&th=1&psc=1"><img src="https://m.media-amazon.com/images/I/51vzgnkbcjL._SL500_.jpg" alt="Product Image"></a><p>DEVAISE 3 Drawer Mobile File Cabinet, Wood Lateral Filing Cabinet, Printer Stand with Open Shelves for Home Office, Rustic Brown</p><p> -21% 0FF </p><p>$74.99</p><a href="https://www.amazon.com/dp/B0989HLF81?tag=eloabder-20&linkCode=osi&th=1&psc=1">View Product</a></div>
<div class="product"><a href="https://www.amazon.com/dp/B00006RSQD?tag=eloabder-20&linkCode=osi&th=1&psc=1"><img src="https://m.media-amazon.com/images/I/315rez3KpeL._SL500_.jpg" alt="Product Image"></a><p>Bush Business Furniture Series C 36W Tall 5 Shelf Bookcase in Hansen Cherry, Large Storage and Display Bookshelf for Home or Professional Office</p><p> -8% 0FF </p><p>$239.49</p><a href="https://www.amazon.com/dp/B00006RSQD?tag=eloabder-20&linkCode=osi&th=1&psc=1">View Product</a></div>
<div class="product"><a href="https://www.amazon.com/dp/B09F6JPYSY?tag=eloabder-20&linkCode=osi&th=1&psc=1"><img src="https://m.media-amazon.com/images/I/51fGLH7lhHL._SL500_.jpg" alt="Product Image"></a><p>SPACELEAD Slim Storage Cart 3 Tier,Bathroom Organizer Rolling Utility,Mobile Shelving Unit Slide Out for Office, Kitchen, Laundry Room & Narrow Places,Black</p><p> -30% 0FF </p><p>$20.99</p><a href="https://www.amazon.com/dp/B09F6JPYSY?tag=eloabder-20&linkCode=osi&th=1&psc=1">View Product</a></div><div class="product"><a href="https://www.amazon.com/dp/B08KFTVGQY?tag=eloabder-20&linkCode=osi&th=1&psc=1"><img src="https://m.media-amazon.com/images/I/51BjUEmGaiL._SL500_.jpg" alt="Product Image"></a><p>SONGMICS Cube Storage Organizer, Set of 16 Plastic Cubes, Closet Organizers and Storage, Room Organization, Bedroom Living Room, 12.2 x 48.4 x 48.4 Inches, Rustic Brown ULPC442A01</p><p> -15% 0FF </p><p>$46.99</p><a href="https://www.amazon.com/dp/B08KFTVGQY?tag=eloabder-20&linkCode=osi&th=1&psc=1">View Product</a></div><div class="product"><a href="https://www.amazon.com/dp/B0DG359YX5?tag=eloabder-20&linkCode=osi&th=1&psc=1"><img src="https://m.media-amazon.com/images/I/41OBXL4HJdL._SL500_.jpg" alt="Product Image"></a><p>VIVO Clamp-on 13 inch Above or Below Desk 2-Tier Shelving Unit for Table Accessories, Gaming Devices, and More, Storage Tray, Desktop Organizer, Rustic Vintage Brown, STAND-SHELF2C-N</p><p> -20% 0FF </p><p>$39.99</p><a href="https://www.amazon.com/dp/B0DG359YX5?tag=eloabder-20&linkCode=osi&th=1&psc=1">View Product</a></div><div class="product"><a href="https://www.amazon.com/dp/B0D7S5GGP6?tag=eloabder-20&linkCode=osi&th=1&psc=1"><img src="https://m.media-amazon.com/images/I/51EriWG2BLL._SL500_.jpg" alt="Product Image"></a><p>C&AHOME Wire Cube Storage, 9 - Cube Organizer Metal C Grids, Modular Shelves Units, Closet Organizer, Ideal for Home, Office, Living Room, 36.6”L x 12.4”W x 48.4”H, Silver Gray UWCS3009G</p><p> -33% 0FF </p><p>$28.87</p><a href="https://www.amazon.com/dp/B0D7S5GGP6?tag=eloabder-20&linkCode=osi&th=1&psc=1">View Product</a></div>
<div class="product"><a href="https://www.amazon.com/dp/B0B1M6ML2J?tag=eloabder-20&linkCode=osi&th=1&psc=1"><img src="https://m.media-amazon.com/images/I/51pX2Qo38JL._SL500_.jpg" alt="Product Image"></a><p>WOWBOX 25 PCS Clear Plastic Drawer Organizer Set, 4 Sizes Desk Drawer Divider Organizers and Storage Bins for Makeup, Jewelry, Gadgets for Kitchen, Bedroom, Bathroom, Office</p><p> -35% 0FF </p><p>$16.13 ($0.65 / Count)</p><a href="https://www.amazon.com/dp/B0B1M6ML2J?tag=eloabder-20&linkCode=osi&th=1&psc=1">View Product</a></div><div class="product"><a href="https://www.amazon.com/dp/B0DB8F7GDN?tag=eloabder-20&linkCode=osi&th=1&psc=1"><img src="https://m.media-amazon.com/images/I/51iOtKHzvCL._SL500_.jpg" alt="Product Image"></a><p>OPNICE Desk Organizer and Accessories, 2-Tier Computer Monitor Stand Riser with Drawer and 2 Pen Holders, Laptop Stand, Office Desk Accessories for Office Supplies, Black</p><p> -27% 0FF </p><p>$21.99</p><a href="https://www.amazon.com/dp/B0DB8F7GDN?tag=eloabder-20&linkCode=osi&th=1&psc=1">View Product</a></div><div class="product"><a href="https://www.amazon.com/dp/B0FQ86P4M3?tag=eloabder-20&linkCode=osi&th=1&psc=1"><img src="https://m.media-amazon.com/images/I/41ZDdyGnPxL._SL500_.jpg" alt="Product Image"></a><p>Mind Reader 2-Tier Desk Organizer with Clamp, Accessory Shelf for Office or Gaming, Office, Metal, White</p><p> -5% 0FF </p><p>$37.99</p><a href="https://www.amazon.com/dp/B0FQ86P4M3?tag=eloabder-20&linkCode=osi&th=1&psc=1">View Product</a></div><div class="product"><a href="https://www.amazon.com/dp/B0BYDGF8DT?tag=eloabder-20&linkCode=osi&th=1&psc=1"><img src="https://m.media-amazon.com/images/I/51sE2GzgVNL._SL500_.jpg" alt="Product Image"></a><p>OPNICE Desk Organizer and Accessories, 4-Tier Desktop File Organizer with Drawer and 2 Pen Holders, Office Desk Accessories, Workspace Organizers for Office Supplies(Black)</p><p> -33% 0FF </p><p>$19.99</p><a href="https://www.amazon.com/dp/B0BYDGF8DT?tag=eloabder-20&linkCode=osi&th=1&psc=1">View Product</a></div><div class="product"><a href="https://www.amazon.com/dp/B0DJKSMV2T?tag=eloabder-20&linkCode=osi&th=1&psc=1"><img src="https://m.media-amazon.com/images/I/41gO3CCIg1L._SL500_.jpg" alt="Product Image"></a><p>gianotter Dual Monitor Stand Riser, Desk Organizer With Drawer and 2 Pen Holders, Computer Monitor Stand, Shelf for Top of Desk, Black</p><p> -28% 0FF </p><p>$25.99</p><a href="https://www.amazon.com/dp/B0DJKSMV2T?tag=eloabder-20&linkCode=osi&th=1&psc=1">View Product</a></div><div class="product"><a href="https://www.amazon.com/dp/B0BWTT3WK1?tag=eloabder-20&linkCode=osi&th=1&psc=1"><img src="https://m.media-amazon.com/images/I/51JTe2SjicL._SL500_.jpg" alt="Product Image"></a><p>gianotter Desk Organizers and Accessories with File Holder, 4-Tier Desk Accessories & Workspace Organizers with Drawer and 2 Pen Holder, Paper Organizer for Office Supplies (Rose Gold)</p><p> -27% 0FF </p><p>$23.99</p><a href="https://www.amazon.com/dp/B0BWTT3WK1?tag=eloabder-20&linkCode=osi&th=1&psc=1">View Product</a></div><div class="product"><a href="https://www.amazon.com/dp/B09QKDY1YY?tag=eloabder-20&linkCode=osi&th=1&psc=1"><img src="https://m.media-amazon.com/images/I/519UVM73B6L._SL500_.jpg" alt="Product Image"></a><p>Supeasy 5 Trays Paper Organizer Letter Tray with Handle-Mesh Desk File Organizer, Paper Sorter Desk Organizer for Office, Home or School</p><p> -17% 0FF </p><p>$19.99</p><a href="https://www.amazon.com/dp/B09QKDY1YY?tag=eloabder-20&linkCode=osi&th=1&psc=1">View Product</a></div><div class="product"><a href="https://www.amazon.com/dp/B08PBFKGJG?tag=eloabder-20&linkCode=osi&th=1&psc=1"><img src="https://m.media-amazon.com/images/I/61WfW0WLsqL._SL500_.jpg" alt="Product Image"></a><p>Marbrasse 6 Tier Paper Organizer Letter Tray - Mesh Desk File Organizer with Handle, Paper Sorter Organizer for Letter/A4 Office File Folder Holder - Black</p><p> -23% 0FF </p><p>$19.98</p><a href="https://www.amazon.com/dp/B08PBFKGJG?tag=eloabder-20&linkCode=osi&th=1&psc=1">View Product</a></div><div class="product"><a href="https://www.amazon.com/dp/B09K5927B5?tag=eloabder-20&linkCode=osi&th=1&psc=1"><img src="https://m.media-amazon.com/images/I/51u5tZ4jR6L._SL500_.jpg" alt="Product Image"></a><p>Marbrasse Desk Organizer with File Holder, 5-Tier Paper Letter Tray Organizer with Drawer and 2 Pen Holder, Mesh Desktop Organizer and Storage with Magazine Holder for Office Supplies(Black)</p><p> -24% 0FF </p><p>$33.99</p><a href="https://www.amazon.com/dp/B09K5927B5?tag=eloabder-20&linkCode=osi&th=1&psc=1">View Product</a></div>
<div class="product"><a href="https://www.amazon.com/dp/B0CNXF7SVS?tag=eloabder-20&linkCode=osi&th=1&psc=1"><img src="https://m.media-amazon.com/images/I/51a6EswyTZL._SL500_.jpg" alt="Product Image"></a><p>Manalete Drawer Organizers Set of 15, 4 Sizes Clear Plastic Drawer Organizers and Storage Bins for Kitchen, Bathroom, Office, Dresser Desk Drawer Organizer Tray for Jewelry, Makeup, Junk, Gadgets</p><p> -29% 0FF </p><p>$9.99</p><a href="https://www.amazon.com/dp/B0CNXF7SVS?tag=eloabder-20&linkCode=osi&th=1&psc=1">View Product</a></div><div class="product"><a href="https://www.amazon.com/dp/B0CCY5X6SS?tag=eloabder-20&linkCode=osi&th=1&psc=1"><img src="https://m.media-amazon.com/images/I/41Iye-vPXJL._SL500_.jpg" alt="Product Image"></a><p>Bamboo Drawer Organizer Set, 5 PCS Multi-Use Individual Wood Storage Organizers, Junk Drawer Divider and Storage Trays Containers for Kitchen, Bathroom, Office Desk, Makeup, Jewelry, Utensils</p><p> -20% 0FF </p><p>$19.99 ($4.00 / Count)</p><a href="https://www.amazon.com/dp/B0CCY5X6SS?tag=eloabder-20&linkCode=osi&th=1&psc=1">View Product</a></div><div class="product"><a href="https://www.amazon.com/dp/B0CCDJQ7MM?tag=eloabder-20&linkCode=osi&th=1&psc=1"><img src="https://m.media-amazon.com/images/I/51kU0WJxdsL._SL500_.jpg" alt="Product Image"></a><p>Marbrasse Expandable Desk Drawer Organizer, Mesh Drawer Organizer Tray with 10 Adjustable Compartments, Desk Organizers and Accessories, 5 Dividers Drawer for Office Supplies, Makeup & Vanity (Black)</p><p> -15% 0FF </p><p>$17.84</p><a href="https://www.amazon.com/dp/B0CCDJQ7MM?tag=eloabder-20&linkCode=osi&th=1&psc=1">View Product</a></div><div class="product"><a href="https://www.amazon.com/dp/B0DM27MBZN?tag=eloabder-20&linkCode=osi&th=1&psc=1"><img src="https://m.media-amazon.com/images/I/41hAfSMnrZL._SL500_.jpg" alt="Product Image"></a><p>ElegantArray 12 PCS Drawer Organizer Set, 4 Sizes Storage Drawer Units, Clear Plastic Makeup Vanity Organizer and Storage Bins for Makeup, Stationeries, Multiple Gadgets for Bathroom, Office, Bedroom</p><p> -31% 0FF </p><p>$8.99</p><a href="https://www.amazon.com/dp/B0DM27MBZN?tag=eloabder-20&linkCode=osi&th=1&psc=1">View Product</a></div>
<div class="product"><a href="https://www.amazon.com/dp/B0C4T42TPC?tag=eloabder-20&linkCode=osi&th=1&psc=1"><img src="https://m.media-amazon.com/images/I/318IsyAsPXL._SL500_.jpg" alt="Product Image"></a><p>Adjustable Mobile CPU Stand, Ventilated Computer Tower Stand with 4 Caster Wheels Fits Most PC Tower, Under Desk CPU Holder PC Floor Cart Computer Riser for Gamers and Students (Black)</p><p> -21% 0FF </p><p>$14.21</p><a href="https://www.amazon.com/dp/B0C4T42TPC?tag=eloabder-20&linkCode=osi&th=1&psc=1">View Product</a></div><div class="product"><a href="https://www.amazon.com/dp/B094QTGHNZ?tag=eloabder-20&linkCode=osi&th=1&psc=1"><img src="https://m.media-amazon.com/images/I/31VzBQ+jwWL._SL500_.jpg" alt="Product Image"></a><p>WALI Computer Monitor Stand for Desk, Adjustable Laptop Riser, Desk Monitor Stand Underneath Storage for Office, Home, School Supplies (STT003), 1 Pack, Black</p><p> -32% 0FF </p><p>$16.99</p><a href="https://www.amazon.com/dp/B094QTGHNZ?tag=eloabder-20&linkCode=osi&th=1&psc=1">View Product</a></div><div class="product"><a href="https://www.amazon.com/dp/B07H4DMLVH?tag=eloabder-20&linkCode=osi&th=1&psc=1"><img src="https://m.media-amazon.com/images/I/31eTfKhpSWL._SL500_.jpg" alt="Product Image"></a><p>HUANUO Monitor Stand, Monitor Stand Riser 3 Height Adjustable, Monitor Riser with Airflow Vents, Laptop Stand for Desk, Laptop Riser, Desk Organizer for Monitor, 15.6" Laptop, PC, Printer</p><p> -11% 0FF </p><p>$15.19</p><a href="https://www.amazon.com/dp/B07H4DMLVH?tag=eloabder-20&linkCode=osi&th=1&psc=1">View Product</a></div><div class="product"><a href="https://www.amazon.com/dp/B0D69W6H91?tag=eloabder-20&linkCode=osi&th=1&psc=1"><img src="https://m.media-amazon.com/images/I/51rQI+gi3lL._SL500_.jpg" alt="Product Image"></a><p>JANE EYRE Computer Tower Stand - Adjustable PC Tower Stand CPU Holder Cart with Charging Station for Office Home Classroom,23.03"-28.3" H, black</p><p> -10% 0FF </p><p>$53.99</p><a href="https://www.amazon.com/dp/B0D69W6H91?tag=eloabder-20&linkCode=osi&th=1&psc=1">View Product</a></div><div class="product"><a href="https://www.amazon.com/dp/B0C4T34L9Y?tag=eloabder-20&linkCode=osi&th=1&psc=1"><img src="https://m.media-amazon.com/images/I/51BNMGXNOEL._SL500_.jpg" alt="Product Image"></a><p>BONTEC Wooden Monitor Stand Riser, 2-Tier Desk Shelf with Storage Organizer, Ergonomic Computer Stand with Cable Management, Cellphone Holder, White, 16.5 Inch</p><p> -33% 0FF </p><p>$18.04</p><a href="https://www.amazon.com/dp/B0C4T34L9Y?tag=eloabder-20&linkCode=osi&th=1&psc=1">View Product</a></div><div class="product"><a href="https://www.amazon.com/dp/B08BRCT4JH?tag=eloabder-20&linkCode=osi&th=1&psc=1"><img src="https://m.media-amazon.com/images/I/41Ga6A+cXbL._SL500_.jpg" alt="Product Image"></a><p>BESIGN LS03 Aluminum Laptop Stand, Ergonomic Detachable Computer Stand, Notebook Riser Compatible with Air, Pro, Dell, HP, Lenovo More 10-15.6" Laptops, Silver</p><p> -25% 0FF </p><p>$14.98</p><a href="https://www.amazon.com/dp/B08BRCT4JH?tag=eloabder-20&linkCode=osi&th=1&psc=1">View Product</a></div>
<div class="product"><a href="https://www.amazon.com/dp/B07Q79ZZJ6?tag=eloabder-20&linkCode=osi&th=1&psc=1"><img src="https://m.media-amazon.com/images/I/31-LBzENQIL._SL500_.jpg" alt="Product Image"></a><p>Single LCD Computer Monitor Free-Standing Desk Stand Mount Riser for 13 inch to 32 inch screen with Swivel, Height Adjustable, Rotation, Vesa Base Stand Holds One (1) Screen up to 77Lbs(HT05B-001))</p><p> -34% 0FF </p><p>$21.99</p><a href="https://www.amazon.com/dp/B07Q79ZZJ6?tag=eloabder-20&linkCode=osi&th=1&psc=1">View Product</a></div><div class="product"><a href="https://www.amazon.com/dp/B082845XM8?tag=eloabder-20&linkCode=osi&th=1&psc=1"><img src="https://m.media-amazon.com/images/I/41uRH1B7HgL._SL500_.jpg" alt="Product Image"></a><p>Dual Monitor Stand - Vertical Stack Screen Free-Standing Monitor Riser Fits Two 13 to 34 Inch Screen with Swivel, Tilt, Height Adjustable, Holds One (1) Screen Up to 44Lbs</p><p> -5% 0FF </p><p>$31.56</p><a href="https://www.amazon.com/dp/B082845XM8?tag=eloabder-20&linkCode=osi&th=1&psc=1">View Product</a></div><div class="product"><a href="https://www.amazon.com/dp/B00X4SCCFG?tag=eloabder-20&linkCode=osi&th=1&psc=1"><img src="https://m.media-amazon.com/images/I/21X2klzUZGL._SL500_.jpg" alt="Product Image"></a><p>Amazon Basics Height Adjustable Rectangular Computer Monitor Riser Desk Stand with Storage for Reduced Neck Strain - Fits Monitors, Laptops Up to 22lbs, Black</p><p> -35% 0FF </p><p>$14.06</p><a href="https://www.amazon.com/dp/B00X4SCCFG?tag=eloabder-20&linkCode=osi&th=1&psc=1">View Product</a></div>
<div class="product"><a href="https://www.amazon.com/dp/B07HFDJCSL?tag=eloabder-20&linkCode=osi&th=1&psc=1"><img src="https://m.media-amazon.com/images/I/41DR7qY1naL._SL500_.jpg" alt="Product Image"></a><p>VIVO Large Keyboard Tray Under Desk Pull Out with Extra Sturdy C Clamp Mount System, 27 (33 Including Clamps) x 11 Inch Slide-Out Platform Computer Drawer for Typing, Black, MOUNT-KB05E</p><p> -17% 0FF </p><p>$49.99</p><a href="https://www.amazon.com/dp/B07HFDJCSL?tag=eloabder-20&linkCode=osi&th=1&psc=1">View Product</a></div><div class="product"><a href="https://www.amazon.com/dp/B082NKBM62?tag=eloabder-20&linkCode=osi&th=1&psc=1"><img src="https://m.media-amazon.com/images/I/41qQ3p9-mrL._SL500_.jpg" alt="Product Image"></a><p>HUANUO Keyboard Tray Under Desk, 360 Adjustable Ergonomic Sliding Keyboard & Mouse Tray, Under Desk Keyboard Tray Slide Out, Keyboard Holder Under Desk for Typing in Home, Office Work, 25"W x 9.84"D</p><p> -33% 0FF </p><p>$59.98</p><a href="https://www.amazon.com/dp/B082NKBM62?tag=eloabder-20&linkCode=osi&th=1&psc=1">View Product</a></div><div class="product"><a href="https://www.amazon.com/dp/B0F23GTKHL?tag=eloabder-20&linkCode=osi&th=1&psc=1"><img src="https://m.media-amazon.com/images/I/41dmHoeznDL._SL500_.jpg" alt="Product Image"></a><p>Zontera Ergonomic Mouse & Keyboard Tray Under Desk, Pull Out with Adjustable C-clamp, 20 (25.9 Including Clamps) x 11.8 Inch Slide Out Computer Keyboard Drawer Mouse Tray for Typing, Black</p><p> -7% 0FF </p><p>$25.99</p><a href="https://www.amazon.com/dp/B0F23GTKHL?tag=eloabder-20&linkCode=osi&th=1&psc=1">View Product</a></div><div class="product"><a href="https://www.amazon.com/dp/B01IIGMBVI?tag=eloabder-20&linkCode=osi&th=1&psc=1"><img src="https://m.media-amazon.com/images/I/21Vw8003F0L._SL500_.jpg" alt="Product Image"></a><p>Alera ALE Valencia Series Underdesk Keyboard/Mouse Shelf, 28w x 12d, Black</p><p> -50% 0FF </p><p>$29.22</p><a href="https://www.amazon.com/dp/B01IIGMBVI?tag=eloabder-20&linkCode=osi&th=1&psc=1">View Product</a></div>
<div class="product"><a href="https://www.amazon.com/dp/B07C3XZMC6?tag=eloabder-20&linkCode=osi&th=1&psc=1"><img src="https://m.media-amazon.com/images/I/31Eojf7glwL._SL500_.jpg" alt="Product Image"></a><p>JIKIOU 3 Pack Mouse Pad with Stitched Edge, Comfortable Mouse Pads with Non-Slip Rubber Base, Washable Mousepads Bulk with Comfortable Cloth, Mouse Pads for Computers Laptop Mouse 10.2x8.3inch Black</p><p> -29% 0FF </p><p>$7.99</p><a href="https://www.amazon.com/dp/B07C3XZMC6?tag=eloabder-20&linkCode=osi&th=1&psc=1">View Product</a></div><div class="product"><a href="https://www.amazon.com/dp/B085XRMSTT?tag=eloabder-20&linkCode=osi&th=1&psc=1"><img src="https://m.media-amazon.com/images/I/31aDSI0sFoL._SL500_.jpg" alt="Product Image"></a><p>EooCoo Ergonomic Mouse Pad with Wrist Support, Mousepad with Memory Foam Wrist Rest and Non-Slip Base for Computer, Cafe, Home & Office, 9.64 x 8.26 in Office Desk Accessories</p><p> -36% 0FF </p><p>$6.99</p><a href="https://www.amazon.com/dp/B085XRMSTT?tag=eloabder-20&linkCode=osi&th=1&psc=1">View Product</a></div>
<div class="product"><a href="https://www.amazon.com/dp/B0BRCJL4MM?tag=eloabder-20&linkCode=osi&th=1&psc=1"><img src="https://m.media-amazon.com/images/I/41sggzaNbPL._SL500_.jpg" alt="Product Image"></a><p>Led Desk Lamp for Office Home - Eye Caring Architect lamp with Clamp,Dual Screen Computer Monitor Gooseneck Smart Light: 24W 5 Color Flexible Adjustable Lighting Table Lamp for Study Drafting</p><p> -13% 0FF </p><p>$69.99</p><a href="https://www.amazon.com/dp/B0BRCJL4MM?tag=eloabder-20&linkCode=osi&th=1&psc=1">View Product</a></div><div class="product"><a href="https://www.amazon.com/dp/B0BNHNG5CY?tag=eloabder-20&linkCode=osi&th=1&psc=1"><img src="https://m.media-amazon.com/images/I/51ccmdZe2YL._SL500_.jpg" alt="Product Image"></a><p>Micomlan Led Desk Lamp with Clamp, Architect Desk Lamp for Home Office with Atmosphere Lighting, 24W Ultra Bright Auto Dimming Computer Light Stepless Dimming and Tempering LED Table Light</p><p> -27% 0FF </p><p>$49.99</p><a href="https://www.amazon.com/dp/B0BNHNG5CY?tag=eloabder-20&linkCode=osi&th=1&psc=1">View Product</a></div><div class="product"><a href="https://www.amazon.com/dp/B078W61H9P?tag=eloabder-20&linkCode=osi&th=1&psc=1"><img src="https://m.media-amazon.com/images/I/31aebwb3nqL._SL500_.jpg" alt="Product Image"></a><p>LEPOWER Metal Desk Lamp, Eye-Caring Table Lamp, Study Lamps with Flexible Goose Neck for Bedroom, Home Office (Matte Black)</p><p> -24% 0FF </p><p>$24.99</p><a href="https://www.amazon.com/dp/B078W61H9P?tag=eloabder-20&linkCode=osi&th=1&psc=1">View Product</a></div><div class="product"><a href="https://www.amazon.com/dp/B0D1DLY4H4?tag=eloabder-20&linkCode=osi&th=1&psc=1"><img src="https://m.media-amazon.com/images/I/41sKiuSIwRL._SL500_.jpg" alt="Product Image"></a><p>SKYLEO Led Desk Lamp - Desk Light for 31.5" Tall - 5 Color Modes X 11 Brightness Levels - Adjustable Swing Arm - Timmer & Memory Function - 12W Lamp for Desk - Black</p><p> -23% 0FF </p><p>$19.99</p><a href="https://www.amazon.com/dp/B0D1DLY4H4?tag=eloabder-20&linkCode=osi&th=1&psc=1">View Product</a></div><div class="product"><a href="https://www.amazon.com/dp/B0D2LGK82V?tag=eloabder-20&linkCode=osi&th=1&psc=1"><img src="https://m.media-amazon.com/images/I/41UpQ-qygDL._SL500_.jpg" alt="Product Image"></a><p>Addtam LED Desk Lamp, Power Strip with 3 Outlets 4 USB Charging Ports(2 USBC), 4 Modes 5 Level Brightness Touch Lamp, Small Desk Lamp for Home Office College Dorm Room Essentials</p><p> -23% 0FF </p><p>$16.99</p><a href="https://www.amazon.com/dp/B0D2LGK82V?tag=eloabder-20&linkCode=osi&th=1&psc=1">View Product</a></div><div class="product"><a href="https://www.amazon.com/dp/B08LMTQ7ZF?tag=eloabder-20&linkCode=osi&th=1&psc=1"><img src="https://m.media-amazon.com/images/I/21vKPX2KHML._SL500_.jpg" alt="Product Image"></a><p>Lepro LED Desk Lamp for Home Office, 9.5W 750LM Metal Touch Control Desk Light, 5 Color Modes 5 Brightness Level, Eye Caring Task Lamp For Reading, Sewing, Crafts, School Supplies, Puzzle Light, Black</p><p> -13% 0FF </p><p>$24.99</p><a href="https://www.amazon.com/dp/B08LMTQ7ZF?tag=eloabder-20&linkCode=osi&th=1&psc=1">View Product</a></div>
<div class="product"><a href="https://www.amazon.com/dp/B0D7BXNDP4?tag=eloabder-20&linkCode=osi&th=1&psc=1"><img src="https://m.media-amazon.com/images/I/41DuEunZ1+L._SL500_.jpg" alt="Product Image"></a><p>Monitor Fan with Clamp & Light Bar Desk Lamp with fan for Office mini Desk fan small quiet with lamp for PC Laptops Tablet for Home Office Portable Working Reading Stand Lamp</p><p> -5% 0FF </p><p>$15.19</p><a href="https://www.amazon.com/dp/B0D7BXNDP4?tag=eloabder-20&linkCode=osi&th=1&psc=1">View Product</a></div><div class="product"><a href="https://www.amazon.com/dp/B07K1D41DC?tag=eloabder-20&linkCode=osi&th=1&psc=1"><img src="https://m.media-amazon.com/images/I/310MAouNV-L._SL500_.jpg" alt="Product Image"></a><p>OttLite Cool Breeze LED Lamp with Bladeless Fan - 3 Speed Options & 5 Brightness Settings with Energy Efficient Natural Daylight LEDs - Desktop, Table or Nightstand Lamp for Studying or Reading</p><p> -14% 0FF </p><p>$89.98</p><a href="https://www.amazon.com/dp/B07K1D41DC?tag=eloabder-20&linkCode=osi&th=1&psc=1">View Product</a></div>
<div class="product"><a href="https://www.amazon.com/dp/B0CXSXL1F2?tag=eloabder-20&linkCode=osi&th=1&psc=1"><img src="https://m.media-amazon.com/images/I/41H6cndt7iL._SL500_.jpg" alt="Product Image"></a><p>9 Pack Lined Sticky Notes 4x6 in Post Sticky Notes with Lines, 9 Bright Colors Self Sticky Notes Pad Its, Large Ruled Sticky Note for Office, Home, 35 Sheets/Pad</p><p> -33% 0FF </p><p>$7.99</p><a href="https://www.amazon.com/dp/B0CXSXL1F2?tag=eloabder-20&linkCode=osi&th=1&psc=1">View Product</a></div><div class="product"><a href="https://www.amazon.com/dp/B019QROV9S?tag=eloabder-20&linkCode=osi&th=1&psc=1"><img src="https://m.media-amazon.com/images/I/51OsStyntzL._SL500_.jpg" alt="Product Image"></a><p>Sharpie Clear View Highlighter Sticks, Chisel Tip, Assorted Fluorescent, 8 Count - School, Home, and Office Use, Teacher Supplies</p><p> -23% 0FF </p><p>$13.86</p><a href="https://www.amazon.com/dp/B019QROV9S?tag=eloabder-20&linkCode=osi&th=1&psc=1">View Product</a></div>
<div class="product"><a href="https://www.amazon.com/dp/B082PN4X5J?tag=eloabder-20&linkCode=osi&th=1&psc=1"><img src="https://m.media-amazon.com/images/I/51o+eA8g6nL._SL500_.jpg" alt="Product Image"></a><p>Sharpie S-Gel Gel Pens, Black Barrel, Medium Point (0.7mm), Black Gel Ink Pens, 12 Count - Home, Office, School, Journaling, Writing, Note-Taking, Teacher Supplies</p><p> -14% 0FF </p><p>$11.97</p><a href="https://www.amazon.com/dp/B082PN4X5J?tag=eloabder-20&linkCode=osi&th=1&psc=1">View Product</a></div><div class="product"><a href="https://www.amazon.com/dp/B0C9W8DD9S?tag=eloabder-20&linkCode=osi&th=1&psc=1"><img src="https://m.media-amazon.com/images/I/41mdSvEwNZL._SL500_.jpg" alt="Product Image"></a><p>Ddaowanx Gel Pens, 6 Pcs 0.5mm Quick Dry Black Ink Pens Fine Point Smooth Writing Pens, Cute Office School Supplies Gifts for Women</p><p> -10% 0FF </p><p>$8.99</p><a href="https://www.amazon.com/dp/B0C9W8DD9S?tag=eloabder-20&linkCode=osi&th=1&psc=1">View Product</a></div><div class="product"><a href="https://www.amazon.com/dp/B019QBOG3U?tag=eloabder-20&linkCode=osi&th=1&psc=1"><img src="https://m.media-amazon.com/images/I/416PjSebDoL._SL500_.jpg" alt="Product Image"></a><p>Paper Mate Colorful Gel Pens - InkJoy Gel Pens Assorted Medium Point (0.7). Perfect for Vibrant Colored Writing and Sketching with Paper Mate InkJoy 14 Count</p><p> -18% 0FF </p><p>$10.31</p><a href="https://www.amazon.com/dp/B019QBOG3U?tag=eloabder-20&linkCode=osi&th=1&psc=1">View Product</a></div><div class="product"><a href="https://www.amazon.com/dp/B0C73JDN4S?tag=eloabder-20&linkCode=osi&th=1&psc=1"><img src="https://m.media-amazon.com/images/I/51DJUUxL7HL._SL500_.jpg" alt="Product Image"></a><p>Linbsunne Ballpoint Pens Black Medium Point 1mm Pen with Super Soft Grip Ball Point Pen for Men Women Retractable Pens (gold-12 pcs)</p><p> -10% 0FF </p><p>$8.99</p><a href="https://www.amazon.com/dp/B0C73JDN4S?tag=eloabder-20&linkCode=osi&th=1&psc=1">View Product</a></div><div class="product"><a href="https://www.amazon.com/dp/B001OTA66O?tag=eloabder-20&linkCode=osi&th=1&psc=1"><img src="https://m.media-amazon.com/images/I/41yS5tBZQLL._SL500_.jpg" alt="Product Image"></a><p>BIC Glide Black Retractable Ballpoint Pens, Medium Point (1.0mm), 4-Count Pack, Ultra Smooth Writing Black Pens</p><p> -40% 0FF </p><p>$2.99</p><a href="https://www.amazon.com/dp/B001OTA66O?tag=eloabder-20&linkCode=osi&th=1&psc=1">View Product</a></div>
<div class="product"><a href="https://www.amazon.com/dp/B002HVXXCW?tag=eloabder-20&linkCode=osi&th=1&psc=1"><img src="https://m.media-amazon.com/images/I/41JeEedXCeL._SL500_.jpg" alt="Product Image"></a><p>Ticonderoga Wood-Cased Pencils, Pre-Sharpened, 2 HB Soft, Yellow, 10 Count</p><p> -58% 0FF </p><p>$2.49</p><a href="https://www.amazon.com/dp/B002HVXXCW?tag=eloabder-20&linkCode=osi&th=1&psc=1">View Product</a></div><div class="product"><a href="https://www.amazon.com/dp/B077Q4B6YN?tag=eloabder-20&linkCode=osi&th=1&psc=1"><img src="https://m.media-amazon.com/images/I/4160YcHGDNL._SL500_.jpg" alt="Product Image"></a><p>Paper Mate 2017483 Mechanical Pencils for Handwriting, Triangular, 5/PK, AST</p><p> -45% 0FF </p><p>$3.47</p><a href="https://www.amazon.com/dp/B077Q4B6YN?tag=eloabder-20&linkCode=osi&th=1&psc=1">View Product</a></div>
<div class="product"><a href="https://www.amazon.com/dp/B0D7YTZNRF?tag=eloabder-20&linkCode=osi&th=1&psc=1"><img src="https://m.media-amazon.com/images/I/41hSbSlNAmL._SL500_.jpg" alt="Product Image"></a><p>YASNAY Alcohol Markers, 48 Colors Dual Tip Art Marker, Drawing Markers, Coloring Marker for Kids Sketching Adult Coloring</p><p> -27% 0FF </p><p>$10.99</p><a href="https://www.amazon.com/dp/B0D7YTZNRF?tag=eloabder-20&linkCode=osi&th=1&psc=1">View Product</a></div><div class="product"><a href="https://www.amazon.com/dp/B07CJ8QXF8?tag=eloabder-20&linkCode=osi&th=1&psc=1"><img src="https://m.media-amazon.com/images/I/51bChi4-H4L._SL500_.jpg" alt="Product Image"></a><p>Dual Markers Brush Pens, 36 Fine Point Art Marker, Double Tip Colored Pen for Adult Coloring Hand Lettering, School Classroom Art Suppliers</p><p> -20% 0FF </p><p>$7.98</p><a href="https://www.amazon.com/dp/B07CJ8QXF8?tag=eloabder-20&linkCode=osi&th=1&psc=1">View Product</a></div><div class="product"><a href="https://www.amazon.com/dp/B071CP6X88?tag=eloabder-20&linkCode=osi&th=1&psc=1"><img src="https://m.media-amazon.com/images/I/41sNeEYkTNL._SL500_.jpg" alt="Product Image"></a><p>Crayola Super Tips Marker Set for Kids (100ct), Broad Tip & Fine Point Washable Art Markers for Kids, Bulk School Supplies, Teacher Classroom Must Haves, Drawing Supplies</p><p> -19% 0FF </p><p>$16.29</p><a href="https://www.amazon.com/dp/B071CP6X88?tag=eloabder-20&linkCode=osi&th=1&psc=1">View Product</a></div><div class="product"><a href="https://www.amazon.com/dp/B08MBFPFCQ?tag=eloabder-20&linkCode=osi&th=1&psc=1"><img src="https://m.media-amazon.com/images/I/51DaGL7Z4oL._SL500_.jpg" alt="Product Image"></a><p>Sharpie Permanent Markers Variety Pack, Includes Chisel, Fine, and Ultra-Fine Tips, Marker Set, Writing, Coloring, Poster, Office, School Supplies, Black, 6 Count</p><p> -19% 0FF </p><p>$4.63 ($0.77 / Count)</p><a href="https://www.amazon.com/dp/B08MBFPFCQ?tag=eloabder-20&linkCode=osi&th=1&psc=1">View Product</a></div>
<div class="product"><a href="https://www.amazon.com/dp/B09Y2KJ2KX?tag=eloabder-20&linkCode=osi&th=1&psc=1"><img src="https://m.media-amazon.com/images/I/41EhQr7suML._SL500_.jpg" alt="Product Image"></a><p>Sharpie Pocket Highlighters, Mild Pastel Colors, Assorted, Chisel Tip, 12 Count - School, Home, and Office Use, Teacher Supplies</p><p> -22% 0FF </p><p>$7.76 ($0.65 / Count)</p><a href="https://www.amazon.com/dp/B09Y2KJ2KX?tag=eloabder-20&linkCode=osi&th=1&psc=1">View Product</a></div><div class="product"><a href="https://www.amazon.com/dp/B08698MJWT?tag=eloabder-20&linkCode=osi&th=1&psc=1"><img src="https://m.media-amazon.com/images/I/512N7aYt5oL._SL500_.jpg" alt="Product Image"></a><p>Sharpie S-Note Creative Markers, Pastel Highlighters, Art Marker Set, Assorted Colors, Chisel Tip, 24 Count - School, Home, and Office Use, Teacher Supplies</p><p> -60% 0FF </p><p>$8.83</p><a href="https://www.amazon.com/dp/B08698MJWT?tag=eloabder-20&linkCode=osi&th=1&psc=1">View Product</a></div>
<div class="product"><a href="https://www.amazon.com/dp/B097DPQPYN?tag=eloabder-20&linkCode=osi&th=1&psc=1"><img src="https://m.media-amazon.com/images/I/51nFyQPtfkL._SL500_.jpg" alt="Product Image"></a><p>Sonuimy Pencil Sharpeners, 4 Pcs Pencil Sharpeners Manual,Dual Holes Compact Colored Handheld Pencil Sharpener for Kids with Lid Adults Students School Class Home Office (Covered)</p><p> -13% 0FF </p><p>$4.49</p><a href="https://www.amazon.com/dp/B097DPQPYN?tag=eloabder-20&linkCode=osi&th=1&psc=1">View Product</a></div><div class="product"><a href="https://www.amazon.com/dp/B000MFN1G8?tag=eloabder-20&linkCode=osi&th=1&psc=1"><img src="https://m.media-amazon.com/images/I/41JPflroUEL._SL500_.jpg" alt="Product Image"></a><p>Compact Desktop Electric Pencil Sharpener, Black, Sold as 1 Each</p><p> -21% 0FF </p><p>$15.89</p><a href="https://www.amazon.com/dp/B000MFN1G8?tag=eloabder-20&linkCode=osi&th=1&psc=1">View Product</a></div><div class="product"><a href="https://www.amazon.com/dp/B00125KXGI?tag=eloabder-20&linkCode=osi&th=1&psc=1"><img src="https://m.media-amazon.com/images/I/51avY0bZv6L._SL500_.jpg" alt="Product Image"></a><p>Bostitch Office Personal Electric Pencil Sharpener, Powerful Stall-Free Motor, High Capacity Shavings Tray, Blue</p><p> -13% 0FF </p><p>$17.48</p><a href="https://www.amazon.com/dp/B00125KXGI?tag=eloabder-20&linkCode=osi&th=1&psc=1">View Product</a></div><div class="product"><a href="https://www.amazon.com/dp/B078DZY9Z5?tag=eloabder-20&linkCode=osi&th=1&psc=1"><img src="https://m.media-amazon.com/images/I/41KbUFGrXfL._SL500_.jpg" alt="Product Image"></a><p>JARLINK Electric Pencil Sharpener, Heavy-Duty Helical Blade to Fast Sharpen, Auto Stop for No.2/Colored Pencils(6-8mm), AC Adapter/Battery Operated in School Classroom/Office/Home (Black)</p><p> -21% 0FF </p><p>$16.98</p><a href="https://www.amazon.com/dp/B078DZY9Z5?tag=eloabder-20&linkCode=osi&th=1&psc=1">View Product</a></div><div class="product"><a href="https://www.amazon.com/dp/B08DLXH86D?tag=eloabder-20&linkCode=osi&th=1&psc=1"><img src="https://m.media-amazon.com/images/I/41UghsnBycL._SL500_.jpg" alt="Product Image"></a><p>Aogwat Pencil Sharpener Electric Pencil Sharpener for Kids, Blade to Fast Sharpen, Suitable for No.2/School/Classroom/Office/Home (Black)</p><p> -23% 0FF </p><p>$9.99</p><a href="https://www.amazon.com/dp/B08DLXH86D?tag=eloabder-20&linkCode=osi&th=1&psc=1">View Product</a></div><div class="product"><a href="https://www.amazon.com/dp/B000GP0VIU?tag=eloabder-20&linkCode=osi&th=1&psc=1"><img src="https://m.media-amazon.com/images/I/318OKKSwzbL._SL500_.jpg" alt="Product Image"></a><p>Bostitch Office Wall Mount Manual Pencil Sharpener, Tip Saver, 8 Hole Dial, 6X Longer Cutter Life, Vertical or Horizontal Mounting Black (MPS1-BLK)</p><p> -9% 0FF </p><p>$13.18</p><a href="https://www.amazon.com/dp/B000GP0VIU?tag=eloabder-20&linkCode=osi&th=1&psc=1">View Product</a></div>
<div class="product"><a href="https://www.amazon.com/dp/B00094H4LU?tag=eloabder-20&linkCode=osi&th=1&psc=1"><img src="https://m.media-amazon.com/images/I/41f-fbZYU1L._SL500_.jpg" alt="Product Image"></a><p>Paper Mate Erasers | Pink Pearl Large Erasers 12 Count</p><p> -55% 0FF </p><p>$6.03</p><a href="https://www.amazon.com/dp/B00094H4LU?tag=eloabder-20&linkCode=osi&th=1&psc=1">View Product</a></div><div class="product"><a href="https://www.amazon.com/dp/B07DPVVMWB?tag=eloabder-20&linkCode=osi&th=1&psc=1"><img src="https://m.media-amazon.com/images/I/51wLlsENgiL._SL500_.jpg" alt="Product Image"></a><p>Mr. Pen Erasers for Pencils, 120 Pack, Pencil Top Erasers, Eraser Caps, Cap Tops, Topper Erasers. Ereaser</p><p> -24% 0FF </p><p>$5.95</p><a href="https://www.amazon.com/dp/B07DPVVMWB?tag=eloabder-20&linkCode=osi&th=1&psc=1">View Product</a></div><div class="product"><a href="https://www.amazon.com/dp/B07144DC8V?tag=eloabder-20&linkCode=osi&th=1&psc=1"><img src="https://m.media-amazon.com/images/I/51Ed1+HW9cL._SL500_.jpg" alt="Product Image"></a><p>Pentel Hi-Polymer Block Eraser, White, 10/Box (ZEH10PC10)</p><p> -44% 0FF </p><p>$9.99</p><a href="https://www.amazon.com/dp/B07144DC8V?tag=eloabder-20&linkCode=osi&th=1&psc=1">View Product</a></div><div class="product"><a href="https://www.amazon.com/dp/B0047CT6SE?tag=eloabder-20&linkCode=osi&th=1&psc=1"><img src="https://m.media-amazon.com/images/I/41bhWXKeeiL._SL500_.jpg" alt="Product Image"></a><p>Pentel Clic Retractable Eraser with Grip, 3 Pack</p><p> -29% 0FF </p><p>$4.77</p><a href="https://www.amazon.com/dp/B0047CT6SE?tag=eloabder-20&linkCode=osi&th=1&psc=1">View Product</a></div>
<div class="product"><a href="https://www.amazon.com/dp/B09S9X3HV7?tag=eloabder-20&linkCode=osi&th=1&psc=1"><img src="https://m.media-amazon.com/images/I/51GgMyfl5VL._SL500_.jpg" alt="Product Image"></a><p>Color Transparent Ruler Plastic Rulers - Ruler 12 inch, Kids Ruler for School, Ruler with Centimeters, Millimeter and Inches, Assorted Colors, Clear Rulers, 7 Pack School Rulers</p><p> -16% 0FF </p><p>$5.99</p><a href="https://www.amazon.com/dp/B09S9X3HV7?tag=eloabder-20&linkCode=osi&th=1&psc=1">View Product</a></div><div class="product"><a href="https://www.amazon.com/dp/B06XK9VQM4?tag=eloabder-20&linkCode=osi&th=1&psc=1"><img src="https://m.media-amazon.com/images/I/51Glln3n-nL._SL500_.jpg" alt="Product Image"></a><p>Outus 12 Pack Wood Ruler Bulk for Students Wooden School Rulers Gifts Office Classroom Measuring, 2 Scale, 12 Inch and 30 cm</p><p> -6% 0FF </p><p>$7.99</p><a href="https://www.amazon.com/dp/B06XK9VQM4?tag=eloabder-20&linkCode=osi&th=1&psc=1">View Product</a></div><div class="product"><a href="https://www.amazon.com/dp/B0B5MLTG7J?tag=eloabder-20&linkCode=osi&th=1&psc=1"><img src="https://m.media-amazon.com/images/I/51z9LUxLKmL._SL500_.jpg" alt="Product Image"></a><p>DAGONGREN 30 Pack Clear Plastic Rulers 12 Inch,Transparent Assorted Color Metric Bulk Rulers with Inches and Centimeters,Kids Ruler for School,Home,Office</p><p> -9% 0FF </p><p>$9.99</p><a href="https://www.amazon.com/dp/B0B5MLTG7J?tag=eloabder-20&linkCode=osi&th=1&psc=1">View Product</a></div><div class="product"><a href="https://www.amazon.com/dp/B096MPPF53?tag=eloabder-20&linkCode=osi&th=1&psc=1"><img src="https://m.media-amazon.com/images/I/51qUpElDRcS._SL500_.jpg" alt="Product Image"></a><p>Tenare 1 Set Plastic Clear Math Set Includes Protractor Triangle Rulers 12 Inch 6 Inch Straight Geometry Math Transparent Ruler Measuring Tool for School Office Home Supplies(Clear)</p><p> -25% 0FF </p><p>$5.98</p><a href="https://www.amazon.com/dp/B096MPPF53?tag=eloabder-20&linkCode=osi&th=1&psc=1">View Product</a></div>
<div class="product"><a href="https://www.amazon.com/dp/B07YDDX4JL?tag=eloabder-20&linkCode=osi&th=1&psc=1"><img src="https://m.media-amazon.com/images/I/41oBPZwCRLL._SL500_.jpg" alt="Product Image"></a><p>3-Pack 8" Heavy Duty Scissors with Ultra Sharp Blades and Comfort Grip Handles - For Office, Home, School, Sewing, and Crafts</p><p> -15% 0FF </p><p>$8.49 ($2.83 / Count)</p><a href="https://www.amazon.com/dp/B07YDDX4JL?tag=eloabder-20&linkCode=osi&th=1&psc=1">View Product</a></div><div class="product"><a href="https://www.amazon.com/dp/B01BRGU8R0?tag=eloabder-20&linkCode=osi&th=1&psc=1"><img src="https://m.media-amazon.com/images/I/41ANVra+eNL._SL500_.jpg" alt="Product Image"></a><p>Amazon Basics Stainless Steel Scissors for Office, Crafts, Multipurpose, Sharp, Comfort Grip, PVD Coated, 3 Pack, Multicolor</p><p> -45% 0FF </p><p>$7.55</p><a href="https://www.amazon.com/dp/B01BRGU8R0?tag=eloabder-20&linkCode=osi&th=1&psc=1">View Product</a></div><div class="product"><a href="https://www.amazon.com/dp/B000P0LNRE?tag=eloabder-20&linkCode=osi&th=1&psc=1"><img src="https://m.media-amazon.com/images/I/41fWgMTO0JL._SL500_.jpg" alt="Product Image"></a><p>Westcott 8-Inch Titanium-Bonded Scissors with Adjustable Glide Feature for Office and Home - Gray/Yellow, 2-Pack</p><p> -33% 0FF </p><p>$9.97</p><a href="https://www.amazon.com/dp/B000P0LNRE?tag=eloabder-20&linkCode=osi&th=1&psc=1">View Product</a></div>
<div class="product"><a href="https://www.amazon.com/dp/B074ZRZ4CZ?tag=eloabder-20&linkCode=osi&th=1&psc=1"><img src="https://m.media-amazon.com/images/I/41bu+HKxC2L._SL500_.jpg" alt="Product Image"></a><p>Swingline Commercial Stapler, 20 Sheet Capacity, Jam Free, Metal, 2 Pack, Black (44401AZ)</p><p> -5% 0FF </p><p>$18.98</p><a href="https://www.amazon.com/dp/B074ZRZ4CZ?tag=eloabder-20&linkCode=osi&th=1&psc=1">View Product</a></div><div class="product"><a href="https://www.amazon.com/dp/B001PME62K?tag=eloabder-20&linkCode=osi&th=1&psc=1"><img src="https://m.media-amazon.com/images/I/41gbaJu-3iL._SL500_.jpg" alt="Product Image"></a><p>Swingline Stapler, 40 Sheet Capacity, Optima 40, Jam Free, Reduced Effort, Soft Grip, Metal, Orange and Gray (87845)</p><p> -14% 0FF </p><p>$24.19</p><a href="https://www.amazon.com/dp/B001PME62K?tag=eloabder-20&linkCode=osi&th=1&psc=1">View Product</a></div><div class="product"><a href="https://www.amazon.com/dp/B0D2JBKYM1?tag=eloabder-20&linkCode=osi&th=1&psc=1"><img src="https://m.media-amazon.com/images/I/41zFTU9QpfL._SL500_.jpg" alt="Product Image"></a><p>Bostitch Office Stapler, No-Jam Premium for Desktop, Includes 1,250 Staples, Full-Strip, 25 Sheet Capacity, Black</p><p> -26% 0FF </p><p>$6.99</p><a href="https://www.amazon.com/dp/B0D2JBKYM1?tag=eloabder-20&linkCode=osi&th=1&psc=1">View Product</a></div><div class="product"><a href="https://www.amazon.com/dp/B0CC5GJKM1?tag=eloabder-20&linkCode=osi&th=1&psc=1"><img src="https://m.media-amazon.com/images/I/41JDDoSZQiL._SL500_.jpg" alt="Product Image"></a><p>Metal Stapler Heavy Duty 50 Sheet Capacity with 1750 Staples and Staple Remover, Full Strip Staplers for Desk, No Jam, Non-Slip for Office & Classroom, Black</p><p> -33% 0FF </p><p>$13.29</p><a href="https://www.amazon.com/dp/B0CC5GJKM1?tag=eloabder-20&linkCode=osi&th=1&psc=1">View Product</a></div><div class="product"><a href="https://www.amazon.com/dp/B0006HUQZ6?tag=eloabder-20&linkCode=osi&th=1&psc=1"><img src="https://m.media-amazon.com/images/I/31e-T-f1TGL._SL500_.jpg" alt="Product Image"></a><p>Swingline Stapler, 30 Sheet Capacity, 747 Business Stapler, Jam Free, Metal, Rio Red (74736)</p><p> -23% 0FF </p><p>$15.30</p><a href="https://www.amazon.com/dp/B0006HUQZ6?tag=eloabder-20&linkCode=osi&th=1&psc=1">View Product</a></div>
<div class="product"><a href="https://www.amazon.com/dp/B00J8PJJF0?tag=eloabder-20&linkCode=osi&th=1&psc=1"><img src="https://m.media-amazon.com/images/I/418dc+5ZGkL._SL500_.jpg" alt="Product Image"></a><p>Bostitch Office Premium Standard Staples, 1/4" Full Strip, Box of 5,000 Staples</p><p> -27% 0FF </p><p>$4.39</p><a href="https://www.amazon.com/dp/B00J8PJJF0?tag=eloabder-20&linkCode=osi&th=1&psc=1">View Product</a></div><div class="product"><a href="https://www.amazon.com/dp/B079VYR12V?tag=eloabder-20&linkCode=osi&th=1&psc=1"><img src="https://m.media-amazon.com/images/I/51xAt88vqrL._SL500_.jpg" alt="Product Image"></a><p>Officemate Standard Staples, 10 Boxes General Purpose Staple (91950)</p><p> -10% 0FF </p><p>$14.37</p><a href="https://www.amazon.com/dp/B079VYR12V?tag=eloabder-20&linkCode=osi&th=1&psc=1">View Product</a></div><div class="product"><a href="https://www.amazon.com/dp/B00006IFMQ?tag=eloabder-20&linkCode=osi&th=1&psc=1"><img src="https://m.media-amazon.com/images/I/51UsWZuFq8L._SL500_.jpg" alt="Product Image"></a><p>Bostitch Office B8 PowerCrown 0.25 Inch Staples, Pack of 5,000 Staples (STCRP21151/4), Silver</p><p> -30% 0FF </p><p>$2.33</p><a href="https://www.amazon.com/dp/B00006IFMQ?tag=eloabder-20&linkCode=osi&th=1&psc=1">View Product</a></div>
<div class="product"><a href="https://www.amazon.com/dp/B000J07BRQ?tag=eloabder-20&linkCode=osi&th=1&psc=1"><img src="https://m.media-amazon.com/images/I/51QpJKjajbL._SL500_.jpg" alt="Product Image"></a><p>Scotch Heavy Duty Shipping Packing Tape, Clear, Packing Tape for Moving Boxes and Packaging Supplies, 1.88 in. x 22.2 yd., 6 Roll Dispensers, Moving Supplies</p><p> -35% 0FF </p><p>$12.99</p><a href="https://www.amazon.com/dp/B000J07BRQ?tag=eloabder-20&linkCode=osi&th=1&psc=1">View Product</a></div><div class="product"><a href="https://www.amazon.com/dp/B0000DH8HQ?tag=eloabder-20&linkCode=osi&th=1&psc=1"><img src="https://m.media-amazon.com/images/I/414lAY+087L._SL500_.jpg" alt="Product Image"></a><p>Scotch Magic Tape, Invisible Transparent Tape, 6 Tape Rolls with Dispensers, 3/4 in x 650 in</p><p> -23% 0FF </p><p>$12.34</p><a href="https://www.amazon.com/dp/B0000DH8HQ?tag=eloabder-20&linkCode=osi&th=1&psc=1">View Product</a></div><div class="product"><a href="https://www.amazon.com/dp/B0DQHV6X92?tag=eloabder-20&linkCode=osi&th=1&psc=1"><img src="https://m.media-amazon.com/images/I/51ViCFlgldL._SL500_.jpg" alt="Product Image"></a><p>BeataTap Tape, Invisible Tape, 6 Rolls + 6 Refillable Dispensers, Matte Finish, Writable, 3/4″ x 650″, Transparent Tape, Clear Tape for Gift Wrapping Paper, School Supplies</p><p> -15% 0FF </p><p>$5.94 ($0.99 / Count)</p><a href="https://www.amazon.com/dp/B0DQHV6X92?tag=eloabder-20&linkCode=osi&th=1&psc=1">View Product</a></div><div class="product"><a href="https://www.amazon.com/dp/B07CB6LN5S?tag=eloabder-20&linkCode=osi&th=1&psc=1"><img src="https://m.media-amazon.com/images/I/41NNyeISnjL._SL500_.jpg" alt="Product Image"></a><p>Scotch Super-Hold Tape, 2 Rolls, Transparent Finish, 50% More Adhesive, Trusted Favorite, 3/4 x 600 Inches, Dispensered (198DM-2)</p><p> -30% 0FF </p><p>$5.97</p><a href="https://www.amazon.com/dp/B07CB6LN5S?tag=eloabder-20&linkCode=osi&th=1&psc=1">View Product</a></div><div class="product"><a href="https://www.amazon.com/dp/B00464740A?tag=eloabder-20&linkCode=osi&th=1&psc=1"><img src="https://m.media-amazon.com/images/I/51ZPFoiGfuL._SL500_.jpg" alt="Product Image"></a><p>Scotch Sure Start Shipping Packaging Tape, 1.88" x 22.2 yd, Designed for Packing, Shipping and Mailing, Quiet Unwind, No Splitting or Tearing, 1.5" Core, Clear, 6 Dispensered Rolls (145-6)</p><p> -28% 0FF </p><p>$13.48</p><a href="https://www.amazon.com/dp/B00464740A?tag=eloabder-20&linkCode=osi&th=1&psc=1">View Product</a></div><div class="product"><a href="https://www.amazon.com/dp/B09C6LLG9P?tag=eloabder-20&linkCode=osi&th=1&psc=1"><img src="https://m.media-amazon.com/images/I/41rbv66ZNBL._SL500_.jpg" alt="Product Image"></a><p>Scotch Box Lock Packaging Tape, 1 Roll with Dispenser, 1.88 in x 1000 in, Extreme Grip, Sticks Instantly to Any Box (195L)</p><p> -31% 0FF </p><p>$4.12</p><a href="https://www.amazon.com/dp/B09C6LLG9P?tag=eloabder-20&linkCode=osi&th=1&psc=1">View Product</a></div>
<div class="product"><a href="https://www.amazon.com/dp/B08QQZ71CV?tag=eloabder-20&linkCode=osi&th=1&psc=1"><img src="https://m.media-amazon.com/images/I/51Foz0aGYoS._SL500_.jpg" alt="Product Image"></a><p>Gorilla Super Glue, Clear Glue, Four 3 Gram Tubes (Pack of 1) - All Purpose and Fast Setting for Projects and Repairs</p><p> -25% 0FF </p><p>$9.49 ($22.60 / Ounce)</p><a href="https://www.amazon.com/dp/B08QQZ71CV?tag=eloabder-20&linkCode=osi&th=1&psc=1">View Product</a></div><div class="product"><a href="https://www.amazon.com/dp/B07J6R3GK7?tag=eloabder-20&linkCode=osi&th=1&psc=1"><img src="https://m.media-amazon.com/images/I/31kdOjGBkpL._SL500_.jpg" alt="Product Image"></a><p>Amazon Basics All Purpose Washable School Clear Liquid Glue - Great for Making Slime, 128 fl oz</p><p> -6% 0FF </p><p>$16.13</p><a href="https://www.amazon.com/dp/B07J6R3GK7?tag=eloabder-20&linkCode=osi&th=1&psc=1">View Product</a></div><div class="product"><a href="https://www.amazon.com/dp/B00178QQJ8?tag=eloabder-20&linkCode=osi&th=1&psc=1"><img src="https://m.media-amazon.com/images/I/41zs6k410RL._SL500_.jpg" alt="Product Image"></a><p>Mod Podge Gloss Sealer, Glue & Finish: All-in-One Craft Solution- Quick Dry, Easy Clean, for Wood, Paper, Fabric & More. Non-Toxic - Craft with Confidence, Made in USA, 16 oz., Pack of 1</p><p> -36% 0FF </p><p>$7.99 ($0.50 / Fl Oz)</p><a href="https://www.amazon.com/dp/B00178QQJ8?tag=eloabder-20&linkCode=osi&th=1&psc=1">View Product</a></div><div class="product"><a href="https://www.amazon.com/dp/B073V14DZJ?tag=eloabder-20&linkCode=osi&th=1&psc=1"><img src="https://m.media-amazon.com/images/I/31Iyy5+vk6L._SL500_.jpg" alt="Product Image"></a><p>Amazon Basics All Purpose Washable School Craft Liquid Glue for Making Slime, White, Single Pack, 1 Gallon</p><p> -7% 0FF </p><p>$15.54</p><a href="https://www.amazon.com/dp/B073V14DZJ?tag=eloabder-20&linkCode=osi&th=1&psc=1">View Product</a></div><div class="product"><a href="https://www.amazon.com/dp/B0006HUJCQ?tag=eloabder-20&linkCode=osi&th=1&psc=1"><img src="https://m.media-amazon.com/images/I/511pTqChTCL._SL500_.jpg" alt="Product Image"></a><p>Loctite Super Glue Gel Control, Clear, 0.14 fl oz Bottle, 1 Pack - Superglue for Plastic, Wood, Metal, Crafts & Repair, Cyanoacrylate Adhesive Instant Glue, Quick Dry</p><p> -13% 0FF </p><p>$3.64 ($26.00 / Fl Oz)</p><a href="https://www.amazon.com/dp/B0006HUJCQ?tag=eloabder-20&linkCode=osi&th=1&psc=1">View Product</a></div>
<div class="product"><a href="https://www.amazon.com/dp/B074XTRX7K?tag=eloabder-20&linkCode=osi&th=1&psc=1"><img src="https://m.media-amazon.com/images/I/31rOPIrMfDL._SL500_.jpg" alt="Product Image"></a><p>Amazon Basics Sturdy Binder Clips for Office Use, 96 Count (8 Pack of 12), Medium, 1.25 in, Black</p><p> -26% 0FF </p><p>$7.48</p><a href="https://www.amazon.com/dp/B074XTRX7K?tag=eloabder-20&linkCode=osi&th=1&psc=1">View Product</a></div><div class="product"><a href="https://www.amazon.com/dp/B00TQ8FDB8?tag=eloabder-20&linkCode=osi&th=1&psc=1"><img src="https://m.media-amazon.com/images/I/51y7lUrMLnL._SL500_.jpg" alt="Product Image"></a><p>ACCO Binder Clips, Medium, Black, 12 per Box, 2 Boxes (72062)</p><p> -25% 0FF </p><p>$5.96</p><a href="https://www.amazon.com/dp/B00TQ8FDB8?tag=eloabder-20&linkCode=osi&th=1&psc=1">View Product</a></div><div class="product"><a href="https://www.amazon.com/dp/B08KWCDP3C?tag=eloabder-20&linkCode=osi&th=1&psc=1"><img src="https://m.media-amazon.com/images/I/41qucDz6HuL._SL500_.jpg" alt="Product Image"></a><p>Ufmarine Medium Binder Clips 1.25 inch Length, (40 Pcs) Colorful Paper Clips Medium for Office</p><p> -12% 0FF </p><p>$5.99</p><a href="https://www.amazon.com/dp/B08KWCDP3C?tag=eloabder-20&linkCode=osi&th=1&psc=1">View Product</a></div>
<div class="product"><a href="https://www.amazon.com/dp/B09XQLJFDD?tag=eloabder-20&linkCode=osi&th=1&psc=1"><img src="https://m.media-amazon.com/images/I/41iiSFMy4uL._SL500_.jpg" alt="Product Image"></a><p>PAPERPAL Paperclips for Office School & Personal Use, #1 Nonskid Paper Clip (1-2/7"), 600 Medium Paper Clips (6 Boxes of 100 Each), Silver</p><p> -20% 0FF </p><p>$7.99</p><a href="https://www.amazon.com/dp/B09XQLJFDD?tag=eloabder-20&linkCode=osi&th=1&psc=1">View Product</a></div>

<div class="product"><a href="https://www.amazon.com/dp/B004I2G8NO?tag=eloabder-20&linkCode=osi&th=1&psc=1"><img src="https://m.media-amazon.com/images/I/51WEsLRINGL._SL500_.jpg" alt="Product Image"></a><p>Business Source Rubber Band, Natural (1914LB)</p><p> -26% 0FF </p><p>$4.00</p><a href="https://www.amazon.com/dp/B004I2G8NO?tag=eloabder-20&linkCode=osi&th=1&psc=1">View Product</a></div><div class="product"><a href="https://www.amazon.com/dp/B077GDY1LP?tag=eloabder-20&linkCode=osi&th=1&psc=1"><img src="https://m.media-amazon.com/images/I/41nn0nmNTiL._SL500_.jpg" alt="Product Image"></a><p>ANNIE 1000 RUBBER BANDS 1/2" #BLACK</p><p> -7% 0FF </p><p>$4.90 ($1.22 / Count)</p><a href="https://www.amazon.com/dp/B077GDY1LP?tag=eloabder-20&linkCode=osi&th=1&psc=1">View Product</a></div><div class="product"><a href="https://www.amazon.com/dp/B000783OPI?tag=eloabder-20&linkCode=osi&th=1&psc=1"><img src="https://m.media-amazon.com/images/I/510okXKzMqL._SL500_.jpg" alt="Product Image"></a><p>Universal 00419 19-Size Rubber Bands (335 Per Pack), Beige</p><p> -29% 0FF </p><p>$3.44</p><a href="https://www.amazon.com/dp/B000783OPI?tag=eloabder-20&linkCode=osi&th=1&psc=1">View Product</a></div><div class="product"><a href="https://www.amazon.com/dp/B00006IBRU?tag=eloabder-20&linkCode=osi&th=1&psc=1"><img src="https://m.media-amazon.com/images/I/51pU5khkX8L._SL500_.jpg" alt="Product Image"></a><p>ALL26335 - Alliance Rubber 26335 Advantage Rubber Bands - Size #33, Natural, 1 Pound 3 x 1/8 inches</p><p> -62% 0FF </p><p>$3.29</p><a href="https://www.amazon.com/dp/B00006IBRU?tag=eloabder-20&linkCode=osi&th=1&psc=1">View Product</a></div>
<div class="product"><a href="https://www.amazon.com/dp/B0DSKTZBB6?tag=eloabder-20&linkCode=osi&th=1&psc=1"><img src="https://m.media-amazon.com/images/I/415YD3kNFlL._SL500_.jpg" alt="Product Image"></a><p>300 Count Colored Index Cards 3 x 5 Inch Ruled Index Cards, Flash Cards College Ruled for School, College, Office and Home Organization, Durable Study To Do List Note Cards with Ruled Lines</p><p> -10% 0FF </p><p>$6.29</p><a href="https://www.amazon.com/dp/B0DSKTZBB6?tag=eloabder-20&linkCode=osi&th=1&psc=1">View Product</a></div><div class="product"><a href="https://www.amazon.com/dp/B09JYQZQ3V?tag=eloabder-20&linkCode=osi&th=1&psc=1"><img src="https://m.media-amazon.com/images/I/41y5vfnutuL._SL500_.jpg" alt="Product Image"></a><p>Oxford Index Cards, 3 x 5 Inches, White, Lined on Front, Blank on Back, Flashcards for School and Studying, Recipe Note Cards, 500 Count (5 Packs of 100) (40176)</p><p> -22% 0FF </p><p>$7.01</p><a href="https://www.amazon.com/dp/B09JYQZQ3V?tag=eloabder-20&linkCode=osi&th=1&psc=1">View Product</a></div>
<div class="product"><a href="https://www.amazon.com/dp/B00P9U2EM8?tag=eloabder-20&linkCode=osi&th=1&psc=1"><img src="https://m.media-amazon.com/images/I/41Op5kyIukL._SL500_.jpg" alt="Product Image"></a><p>Mead Spiral Notebook, 6 Pack, 1 Subject, College Ruled Paper, 7-1/2" x 10-1/2", 70 Sheets per Notebook, Colors Will Vary (830062-ECM25)</p><p> -46% 0FF </p><p>$6.71</p><a href="https://www.amazon.com/dp/B00P9U2EM8?tag=eloabder-20&linkCode=osi&th=1&psc=1">View Product</a></div><div class="product"><a href="https://www.amazon.com/dp/B0CQN8FVJX?tag=eloabder-20&linkCode=osi&th=1&psc=1"><img src="https://m.media-amazon.com/images/I/414WVVoGFPL._SL500_.jpg" alt="Product Image"></a><p>SUNEE Spiral Notebooks, 1-Subject, 5 Pack, College Ruled Paper, 8" x 10-1/2", 70 Sheets per Notebook,3-Hole Punched Paper, Pink,Purple, Blue, Green, Yellow Spiral Lined Notebooks for School,Work</p><p> -29% 0FF </p><p>$9.99</p><a href="https://www.amazon.com/dp/B0CQN8FVJX?tag=eloabder-20&linkCode=osi&th=1&psc=1">View Product</a></div><div class="product"><a href="https://www.amazon.com/dp/B08NYRMWZ8?tag=eloabder-20&linkCode=osi&th=1&psc=1"><img src="https://m.media-amazon.com/images/I/41y1cnNXtOL._SL500_.jpg" alt="Product Image"></a><p>Yansanido Spiral Notebook, 4 Pcs 8.3 Inch x 5.9 Inch A5 Thick Plastic Hardcover 8mm Ruled 4 Color 80 Sheets -160 Pages Journals for Study and Notes (style 10-Wine Red,Brown,Green,ivory, A5)</p><p> -23% 0FF </p><p>$9.99</p><a href="https://www.amazon.com/dp/B08NYRMWZ8?tag=eloabder-20&linkCode=osi&th=1&psc=1">View Product</a></div><div class="product"><a href="https://www.amazon.com/dp/B08VF9VYLZ?tag=eloabder-20&linkCode=osi&th=1&psc=1"><img src="https://m.media-amazon.com/images/I/41ktUSmtHAL._SL500_.jpg" alt="Product Image"></a><p>Oxford Spiral Notebooks, 6 Pack, 1 Subject, Wide Ruled Notebooks for School, 8 x 10.5 Inches, 70 Sheets, Assorted Pastel Colors, Back to School Supplies (63757)</p><p> -6% 0FF </p><p>$8.99</p><a href="https://www.amazon.com/dp/B08VF9VYLZ?tag=eloabder-20&linkCode=osi&th=1&psc=1">View Product</a></div>
<div class="product"><a href="https://www.amazon.com/dp/B0FDRCSXZH?tag=eloabder-20&linkCode=osi&th=1&psc=1"><img src="https://m.media-amazon.com/images/I/41rYztS-0zL._SL500_.jpg" alt="Product Image"></a><p>5pcs Small Note Pads, Color Notepads 5x8 College Ruled Notebook, Writing Pads 5 x 8, Legal Pads, Memo Pad Paper Perforate Narrow Ruled Notebooks for Work, School, Office Supplies,30 Sheets/Pack</p><p> -14% 0FF </p><p>$5.99</p><a href="https://www.amazon.com/dp/B0FDRCSXZH?tag=eloabder-20&linkCode=osi&th=1&psc=1">View Product</a></div><div class="product"><a href="https://www.amazon.com/dp/B0BZQNCV62?tag=eloabder-20&linkCode=osi&th=1&psc=1"><img src="https://m.media-amazon.com/images/I/41yNqvqCwoL._SL500_.jpg" alt="Product Image"></a><p>Alitte Legal Notepads 8.5 x 11, Pack of 12 - Perforated Wide Ruled Writing Pad - Premium Thick Paper, No Ink Bleeding - Blank Legal Pads For Home, Office, School, Business - 50 Sheets Per Notebook</p><p> -17% 0FF </p><p>$24.99</p><a href="https://www.amazon.com/dp/B0BZQNCV62?tag=eloabder-20&linkCode=osi&th=1&psc=1">View Product</a></div>
<div class="product"><a href="https://www.amazon.com/dp/B0C7S1PCX4?tag=eloabder-20&linkCode=osi&th=1&psc=1"><img src="https://m.media-amazon.com/images/I/41nVRBg2klL._SL500_.jpg" alt="Product Image"></a><p>Oxford 8.5 x 11 Legal Pads, 12 Pack, Wide Ruled, Yellow Paper, 50 Sheets Per Writing Pad, Made in the USA (74020)</p><p> -30% 0FF </p><p>$12.60</p><a href="https://www.amazon.com/dp/B0C7S1PCX4?tag=eloabder-20&linkCode=osi&th=1&psc=1">View Product</a></div><div class="product"><a href="https://www.amazon.com/dp/B0CGF22134?tag=eloabder-20&linkCode=osi&th=1&psc=1"><img src="https://m.media-amazon.com/images/I/41FzLgeXAyL._SL500_.jpg" alt="Product Image"></a><p>MSKKSM Legal Pads 8.5 x 11, 3 Pack Yellow Note Pads 8.5 x 11 Writing Pads, Wide Ruled Legal Notepads, Lined Pads of Paper Yellow Paper Pads, 30 Sheets Per Notepad for School, Home, Office, Business</p><p> -17% 0FF </p><p>$9.99</p><a href="https://www.amazon.com/dp/B0CGF22134?tag=eloabder-20&linkCode=osi&th=1&psc=1">View Product</a></div><div class="product"><a href="https://www.amazon.com/dp/B0FCMWHFC2?tag=eloabder-20&linkCode=osi&th=1&psc=1"><img src="https://m.media-amazon.com/images/I/41MMVFB-S4L._SL500_.jpg" alt="Product Image"></a><p>5pcs Legal Pads 8.5 x 11, Notepads 8.5 x 11 Inch, Color Note Pads Clear Print Writing Pads of Paper, Memo Pads , Perforate Legal Notepads Paper , Wide Ruled Lined with Sturdy Back,30 Sheets/Pack</p><p> -8% 0FF </p><p>$11.99</p><a href="https://www.amazon.com/dp/B0FCMWHFC2?tag=eloabder-20&linkCode=osi&th=1&psc=1">View Product</a></div>
<div class="product"><a href="https://www.amazon.com/dp/B08H593JZG?tag=eloabder-20&linkCode=osi&th=1&psc=1"><img src="https://m.media-amazon.com/images/I/415Ykzo-lyL._SL500_.jpg" alt="Product Image"></a><p>Eastern Wolf 8 Pads Sticky Notes 3x3 Self-Stick Notes 8 Bright Multi Colors Purple Sticky Notes, 85 Sheet/Pad</p><p> -20% 0FF </p><p>$5.59</p><a href="https://www.amazon.com/dp/B08H593JZG?tag=eloabder-20&linkCode=osi&th=1&psc=1">View Product</a></div><div class="product"><a href="https://www.amazon.com/dp/B0BPJW13CM?tag=eloabder-20&linkCode=osi&th=1&psc=1"><img src="https://m.media-amazon.com/images/I/41uKwTyz1rL._SL500_.jpg" alt="Product Image"></a><p>Post-it 100% Recycled Paper Super Sticky Notes, 2X The Sticking Power, 3x3 in, 5 Pads, 70 Sheets/Pad, Wanderlust Pastels Collection (654R-5SSNRP)</p><p> -33% 0FF </p><p>$5.98</p><a href="https://www.amazon.com/dp/B0BPJW13CM?tag=eloabder-20&linkCode=osi&th=1&psc=1">View Product</a></div><div class="product"><a href="https://www.amazon.com/dp/B0D6RPPK9H?tag=eloabder-20&linkCode=osi&th=1&psc=1"><img src="https://m.media-amazon.com/images/I/41O8zZ-RN4L._SL500_.jpg" alt="Product Image"></a><p>(18 Pads) Sticky Notes 3x3 inch, Self-Stick Pads Bright Colors Sticky Note, Recyclable, Easy to Post for Home, Office, Notebook</p><p> -40% 0FF </p><p>$8.39</p><a href="https://www.amazon.com/dp/B0D6RPPK9H?tag=eloabder-20&linkCode=osi&th=1&psc=1">View Product</a></div><div class="product"><a href="https://www.amazon.com/dp/B0CMGJ6FRB?tag=eloabder-20&linkCode=osi&th=1&psc=1"><img src="https://m.media-amazon.com/images/I/41xF9DqIGZL._SL500_.jpg" alt="Product Image"></a><p>Sticky Notes, 12 Pads, 3x3 inches, Soft Pastel Self-Stick Note Pads, Perfect for Office, Study, and Daily Life Organization - Soft Pastel</p><p> -16% 0FF </p><p>$5.06</p><a href="https://www.amazon.com/dp/B0CMGJ6FRB?tag=eloabder-20&linkCode=osi&th=1&psc=1">View Product</a></div>
<div class="product"><a href="https://www.amazon.com/dp/B07VRYX57R?tag=eloabder-20&linkCode=osi&th=1&psc=1"><img src="https://m.media-amazon.com/images/I/410XbLRqukL._SL500_.jpg" alt="Product Image"></a><p>(24 Pack) Sticky Notes 3x3 in Post Bright Stickies Colorful Super Sticking Power Memo Pads, Strong Adhesive, 74 Sheets/pad</p><p> -35% 0FF </p><p>$16.99</p><a href="https://www.amazon.com/dp/B07VRYX57R?tag=eloabder-20&linkCode=osi&th=1&psc=1">View Product</a></div><div class="product"><a href="https://www.amazon.com/dp/B00QSR9PRI?tag=eloabder-20&linkCode=osi&th=1&psc=1"><img src="https://m.media-amazon.com/images/I/31n-YNlgraL._SL500_.jpg" alt="Product Image"></a><p>Amazon Basics Narrow Ruled Lined Writing Note Pad, 5 inch x 8 inch, White, 12 Count (12 Pack of 50 pages)</p><p> -6% 0FF </p><p>$8.78</p><a href="https://www.amazon.com/dp/B00QSR9PRI?tag=eloabder-20&linkCode=osi&th=1&psc=1">View Product</a></div><div class="product"><a href="https://www.amazon.com/dp/B0D5M4D3NN?tag=eloabder-20&linkCode=osi&th=1&psc=1"><img src="https://m.media-amazon.com/images/I/41uzPvHBCDL._SL500_.jpg" alt="Product Image"></a><p>(12 Pack) Lined Sticky Notes 4x6 in Ruled Stickies Super Sticking Power Memo Pads Bright Colors</p><p> -40% 0FF </p><p>$8.98</p><a href="https://www.amazon.com/dp/B0D5M4D3NN?tag=eloabder-20&linkCode=osi&th=1&psc=1">View Product</a></div><div class="product"><a href="https://www.amazon.com/dp/B0CQK3M5VK?tag=eloabder-20&linkCode=osi&th=1&psc=1"><img src="https://m.media-amazon.com/images/I/31jKEzc1qFL._SL500_.jpg" alt="Product Image"></a><p>Note Pads 4x6 Inch, 6 Pack Blank Scratch Pads, 50 Sheets Per Memo Pad for Writing, White Pad of Paper Suit for Home, Office and School, Tear off Notepad, Small Server Notebook</p><p> -10% 0FF </p><p>$6.29</p><a href="https://www.amazon.com/dp/B0CQK3M5VK?tag=eloabder-20&linkCode=osi&th=1&psc=1">View Product</a></div>
<div class="product"><a href="https://www.amazon.com/dp/B0F5D4VNBX?tag=eloabder-20&linkCode=osi&th=1&psc=1"><img src="https://m.media-amazon.com/images/I/41SnXbixNcL._SL500_.jpg" alt="Product Image"></a><p>Blue Sky 2026 Weekly and Monthly Planner Calendar, Includes January 2026 - December 2026, 5" x 8", Flexible Cover, Wirebound, Laminated Tabs, Enterprise</p><p> -10% 0FF </p><p>$8.99</p><a href="https://www.amazon.com/dp/B0F5D4VNBX?tag=eloabder-20&linkCode=osi&th=1&psc=1">View Product</a></div><div class="product"><a href="https://www.amazon.com/dp/B0FRNQDRCR?tag=eloabder-20&linkCode=osi&th=1&psc=1"><img src="https://m.media-amazon.com/images/I/51rBf1oJchL._SL500_.jpg" alt="Product Image"></a><p>Essential PRO 2026 Daily, Weekly & Monthly Planner, 7"x9": 14 Months (Nov 2025 - Dec 2026) Monthly Tabs,Daily Tracking,Notes Pages,Storage Pocket,Bookmark w Sticky Notes (Tree Seasons)</p><p> -14% 0FF </p><p>$29.95</p><a href="https://www.amazon.com/dp/B0FRNQDRCR?tag=eloabder-20&linkCode=osi&th=1&psc=1">View Product</a></div><div class="product"><a href="https://www.amazon.com/dp/B0DYBQWJ5S?tag=eloabder-20&linkCode=osi&th=1&psc=1"><img src="https://m.media-amazon.com/images/I/41UP6Ui7BjL._SL500_.jpg" alt="Product Image"></a><p>AT-A-GLANCE 2026 Appointment Book Planner, Weekly, 8" x 11", Large, Quarter-Hourly, DayMinder, Black (G5200026)</p><p> -45% 0FF </p><p>$15.87</p><a href="https://www.amazon.com/dp/B0DYBQWJ5S?tag=eloabder-20&linkCode=osi&th=1&psc=1">View Product</a></div><div class="product"><a href="https://www.amazon.com/dp/B0DJ8SXCR4?tag=eloabder-20&linkCode=osi&th=1&psc=1"><img src="https://m.media-amazon.com/images/I/41sRmmLvCsL._SL500_.jpg" alt="Product Image"></a><p>Planner 2025-2026, Weekly and Monthly Calendar Academic Planner (July 2025 - June 2026), Hardcover Teacher School Student Agenda with Tabs, Ideal for School Office Supplies, A5 (6.3" x 8.5") - Green</p><p> -25% 0FF </p><p>$8.99</p><a href="https://www.amazon.com/dp/B0DJ8SXCR4?tag=eloabder-20&linkCode=osi&th=1&psc=1">View Product</a></div><div class="product"><a href="https://www.amazon.com/dp/B0D2VW43KP?tag=eloabder-20&linkCode=osi&th=1&psc=1"><img src="https://m.media-amazon.com/images/I/41eyA1Q1U4L._SL500_.jpg" alt="Product Image"></a><p>Forvencer 2026 Planner, Hardcover Calendar Planner Weekly and Monthly, January 2026 - December 2026, 8.5" x 11", Spiral Agenda Book with Tabs, Exquisite Daily Journal with Inner Pocket, Organizer Notebook for Office Home School, A4 Size, Green</p><p> -41% 0FF </p><p>$9.99</p><a href="https://www.amazon.com/dp/B0D2VW43KP?tag=eloabder-20&linkCode=osi&th=1&psc=1">View Product</a></div>
<div class="product"><a href="https://www.amazon.com/dp/B0DYBYRY3R?tag=eloabder-20&linkCode=osi&th=1&psc=1"><img src="https://m.media-amazon.com/images/I/41oxPcKnCuL._SL500_.jpg" alt="Product Image"></a><p>AT-A-GLANCE 2026 Desk Calendar, Monthly, Desk Pad, 21-3/4" x 17", Large, Ruled Blocks (SK240026)</p><p> -19% 0FF </p><p>$11.89</p><a href="https://www.amazon.com/dp/B0DYBYRY3R?tag=eloabder-20&linkCode=osi&th=1&psc=1">View Product</a></div><div class="product"><a href="https://www.amazon.com/dp/B0DXQ416QR?tag=eloabder-20&linkCode=osi&th=1&psc=1"><img src="https://m.media-amazon.com/images/I/41o3YUjfIVL._SL500_.jpg" alt="Product Image"></a><p>Aesthetic 2025-2026 Wall Calendar - Runs from May 2025 Until December 2026 - The Perfect Modern Calendar Planner for Easy Organizing</p><p> -43% 0FF </p><p>$3.99</p><a href="https://www.amazon.com/dp/B0DXQ416QR?tag=eloabder-20&linkCode=osi&th=1&psc=1">View Product</a></div><div class="product"><a href="https://www.amazon.com/dp/B0CCRXKSK8?tag=eloabder-20&linkCode=osi&th=1&psc=1"><img src="https://m.media-amazon.com/images/I/51eOdkimr+L._SL500_.jpg" alt="Product Image"></a><p>SUNEE Wall Calendar 2025-2026 Large 22.75"x15.5", 21 Month Calendar from October 2025 to June 2027, Vertical Extra Large Monthly Calendar 2026 for Wall, Seasons Color</p><p> -24% 0FF </p><p>$15.19</p><a href="https://www.amazon.com/dp/B0CCRXKSK8?tag=eloabder-20&linkCode=osi&th=1&psc=1">View Product</a></div><div class="product"><a href="https://www.amazon.com/dp/B0F7HZ7C9G?tag=eloabder-20&linkCode=osi&th=1&psc=1"><img src="https://m.media-amazon.com/images/I/41rkKO18HGL._SL500_.jpg" alt="Product Image"></a><p>Beautiful 2025-2026 Wall Calendar - Runs from July 2025 until December 2026 – Large 14.5" x 11.5" Office Wall Calendar for Easy Organizing</p><p> -10% 0FF </p><p>$8.99</p><a href="https://www.amazon.com/dp/B0F7HZ7C9G?tag=eloabder-20&linkCode=osi&th=1&psc=1">View Product</a></div><div class="product"><a href="https://www.amazon.com/dp/B0DYDC7ZLV?tag=eloabder-20&linkCode=osi&th=1&psc=1"><img src="https://m.media-amazon.com/images/I/51MOLWJ45HL._SL500_.jpg" alt="Product Image"></a><p>XISIDO 2025-2026 Wall Calendar, Calendar 2025-2026, 18 Month Calendar July 2025 - December 2026, 14.8" X 11.5", Calendar with Twin-Wire Binding, Hanging Hook and Julian Dates (Seasonal Designs)</p><p> -20% 0FF </p><p>$7.99</p><a href="https://www.amazon.com/dp/B0DYDC7ZLV?tag=eloabder-20&linkCode=osi&th=1&psc=1">View Product</a></div><div class="product"><a href="https://www.amazon.com/dp/B0D2KCVBBD?tag=eloabder-20&linkCode=osi&th=1&psc=1"><img src="https://m.media-amazon.com/images/I/51Eg-3ZKZxL._SL500_.jpg" alt="Product Image"></a><p>XISIDO Calendar 2025-2026, 18 Months Wall Calendar July 2025 to Dec 2026 Calendar with Julian Dates, 11" X 8.5" (Colorful)</p><p> -33% 0FF </p><p>$3.99</p><a href="https://www.amazon.com/dp/B0D2KCVBBD?tag=eloabder-20&linkCode=osi&th=1&psc=1">View Product</a></div><div class="product"><a href="https://www.amazon.com/dp/B0DY7R9226?tag=eloabder-20&linkCode=osi&th=1&psc=1"><img src="https://m.media-amazon.com/images/I/41eTUjCfzFL._SL500_.jpg" alt="Product Image"></a><p>Lbylyhxc Wall Calendar 2025-2026 - Runs from July 2025 to December 2026-18 Monthly Calendar 2026. Thick Paper includes major holidays and dedicated space for notes and important dates (Colorful Calendar 2025-2026)</p><p> -50% 0FF </p><p>$2.49</p><a href="https://www.amazon.com/dp/B0DY7R9226?tag=eloabder-20&linkCode=osi&th=1&psc=1">View Product</a></div>
<div class="product"><a href="https://www.amazon.com/dp/B00NI5LVAW?tag=eloabder-20&linkCode=osi&th=1&psc=1"><img src="https://m.media-amazon.com/images/I/31X0RgqQ1ML._SL500_.jpg" alt="Product Image"></a><p>Pendaflex File Folders, Letter Size, 1/3 Cut, Manila, 250 per Box (752250)</p><p> -11% 0FF </p><p>$26.50</p><a href="https://www.amazon.com/dp/B00NI5LVAW?tag=eloabder-20&linkCode=osi&th=1&psc=1">View Product</a></div><div class="product"><a href="https://www.amazon.com/dp/B0D1YBFHS8?tag=eloabder-20&linkCode=osi&th=1&psc=1"><img src="https://m.media-amazon.com/images/I/41qkHxiS+vL._SL500_.jpg" alt="Product Image"></a><p>SUNEE File Folders, 30 Pack Manilla Folders 8.5 x 11, Colored File Folders Home Office School Supplies for Documents Files Paper, 6 Assorted Colors</p><p> -26% 0FF </p><p>$9.99</p><a href="https://www.amazon.com/dp/B0D1YBFHS8?tag=eloabder-20&linkCode=osi&th=1&psc=1">View Product</a></div><div class="product"><a href="https://www.amazon.com/dp/B000DZ9XGO?tag=eloabder-20&linkCode=osi&th=1&psc=1"><img src="https://m.media-amazon.com/images/I/31WKzTB-4WL._SL500_.jpg" alt="Product Image"></a><p>Oxford Two-Pocket Folders, Assorted Colors, Letter Size, 25 per box (57513)</p><p> -32% 0FF </p><p>$12.23</p><a href="https://www.amazon.com/dp/B000DZ9XGO?tag=eloabder-20&linkCode=osi&th=1&psc=1">View Product</a></div><div class="product"><a href="https://www.amazon.com/dp/B0F8H75MLS?tag=eloabder-20&linkCode=osi&th=1&psc=1"><img src="https://m.media-amazon.com/images/I/41GV18+8+zL._SL500_.jpg" alt="Product Image"></a><p>Plastic Folders with Pockets, 6 Pack Document Folders with Business Card Slot, 2 Pocket Folders Back to School Supplies for Kids, Office</p><p> -33% 0FF </p><p>$5.99</p><a href="https://www.amazon.com/dp/B0F8H75MLS?tag=eloabder-20&linkCode=osi&th=1&psc=1">View Product</a></div><div class="product"><a href="https://www.amazon.com/dp/B0CPDTKFVF?tag=eloabder-20&linkCode=osi&th=1&psc=1"><img src="https://m.media-amazon.com/images/I/41PQ8ToLyhL._SL500_.jpg" alt="Product Image"></a><p>Aegero Plastic Folders with Pockets (7 Pack, Assorted Colors), Durable Heavy Duty File Folders with Business Card Slot, 2-Pocket Folder for Schoolwork & Office,Letter Size…</p><p> -11% 0FF </p><p>$7.99</p><a href="https://www.amazon.com/dp/B0CPDTKFVF?tag=eloabder-20&linkCode=osi&th=1&psc=1">View Product</a></div>
<div class="product"><a href="https://www.amazon.com/dp/B0CSPT4RFH?tag=eloabder-20&linkCode=osi&th=1&psc=1"><img src="https://m.media-amazon.com/images/I/31O8kdFg7FL._SL500_.jpg" alt="Product Image"></a><p>Two Tone Color File Folders 8.5 x 11 Inch, 1/3 Cut Tab File Folders Letter Size, Assorted Colors, Blue Red Green Yellow Orange Manila File Folders, School Business Office Folders for Document -15 Pack</p><p> -13% 0FF </p><p>$6.99</p><a href="https://www.amazon.com/dp/B0CSPT4RFH?tag=eloabder-20&linkCode=osi&th=1&psc=1">View Product</a></div><div class="product"><a href="https://www.amazon.com/dp/B01MXC0YS5?tag=eloabder-20&linkCode=osi&th=1&psc=1"><img src="https://m.media-amazon.com/images/I/41YLerNwKTL._SL500_.jpg" alt="Product Image"></a><p>Pendaflex Hanging File Folders, Letter Size, Assorted Colors, 1/5-Cut Adjustable Tabs, 25 Per Box (81663)</p><p> -7% 0FF </p><p>$13.99</p><a href="https://www.amazon.com/dp/B01MXC0YS5?tag=eloabder-20&linkCode=osi&th=1&psc=1">View Product</a></div><div class="product"><a href="https://www.amazon.com/dp/B0896Q5MMC?tag=eloabder-20&linkCode=osi&th=1&psc=1"><img src="https://m.media-amazon.com/images/I/41jDOLSqtWL._SL500_.jpg" alt="Product Image"></a><p>Pendaflex Two Tone Color File Folders, Letter Size, Assorted Colors (Teal, Violet, Gray, Navy and Burgundy), 1/3-Cut Tabs, 5 Color, 100/Box, (02315)</p><p> -27% 0FF </p><p>$13.89</p><a href="https://www.amazon.com/dp/B0896Q5MMC?tag=eloabder-20&linkCode=osi&th=1&psc=1">View Product</a></div><div class="product"><a href="https://www.amazon.com/dp/B0D1YCC6KK?tag=eloabder-20&linkCode=osi&th=1&psc=1"><img src="https://m.media-amazon.com/images/I/31aHHvZVc+L._SL500_.jpg" alt="Product Image"></a><p>SUNEE File Folders, 30 Pack Manilla Folders 8.5 x 11, Colored File Folders Home Office School Supplies for Documents Files Paper,6 Pastel Colors</p><p> -26% 0FF </p><p>$9.99</p><a href="https://www.amazon.com/dp/B0D1YCC6KK?tag=eloabder-20&linkCode=osi&th=1&psc=1">View Product</a></div>
<div class="product"><a href="https://www.amazon.com/dp/B0FGXLHFDD?tag=eloabder-20&linkCode=osi&th=1&psc=1"><img src="https://m.media-amazon.com/images/I/414ng1TKsOL._SL500_.jpg" alt="Product Image"></a><p>Trandraft Plastic Extra Capacity Hanging File Folders, 5 Inch Expanding Pocket with Movable Dividers, Letter Size Black File Folders with Insertable Tabs for Filing Cabine</p><p> -5% 0FF </p><p>$18.99</p><a href="https://www.amazon.com/dp/B0FGXLHFDD?tag=eloabder-20&linkCode=osi&th=1&psc=1">View Product</a></div><div class="product"><a href="https://www.amazon.com/dp/B08QTW4GJT?tag=eloabder-20&linkCode=osi&th=1&psc=1"><img src="https://m.media-amazon.com/images/I/41OVgNttdnL._SL500_.jpg" alt="Product Image"></a><p>Pendaflex Reinforced Hanging Folders, Letter Size, Assorted Colors 1/5 Cut, Tabs and Inserts, 25 Per Box (41522AMZ)</p><p> -32% 0FF </p><p>$13.99</p><a href="https://www.amazon.com/dp/B08QTW4GJT?tag=eloabder-20&linkCode=osi&th=1&psc=1">View Product</a></div><div class="product"><a href="https://www.amazon.com/dp/B07Y67ZCJS?tag=eloabder-20&linkCode=osi&th=1&psc=1"><img src="https://m.media-amazon.com/images/I/51g37Wkw2CL._SL500_.jpg" alt="Product Image"></a><p>EASEPRES 5 Pocket Mesh Hanging Wall File Organizer, Wall Mounted Mail Paper Document Folder Holder, Clipboard Storage Organization Magazine Rack with Nametag Label for Office Home School, Black</p><p> -30% 0FF </p><p>$22.99</p><a href="https://www.amazon.com/dp/B07Y67ZCJS?tag=eloabder-20&linkCode=osi&th=1&psc=1">View Product</a></div><div class="product"><a href="https://www.amazon.com/dp/B0CGWNNBCV?tag=eloabder-20&linkCode=osi&th=1&psc=1"><img src="https://m.media-amazon.com/images/I/31SGzCfPDcL._SL500_.jpg" alt="Product Image"></a><p>SUNEE 25 Count Hanging File Folders, Pastel Colors, Hanging File Folders Letter Size, Hanging Folders with 1/5-cut Tabs, Designed for Bulky Files, Filing Cabinets, Medical Charts</p><p> -15% 0FF </p><p>$16.99</p><a href="https://www.amazon.com/dp/B0CGWNNBCV?tag=eloabder-20&linkCode=osi&th=1&psc=1">View Product</a></div><div class="product"><a href="https://www.amazon.com/dp/B00006IF4G?tag=eloabder-20&linkCode=osi&th=1&psc=1"><img src="https://m.media-amazon.com/images/I/31LuYqWSObL._SL500_.jpg" alt="Product Image"></a><p>Smead Standard Hanging File Folders, 25 Count, Assorted Primaries, 1/5-Cut Adjustable Tabs, Letter Size (64059)</p><p> -7% 0FF </p><p>$13.55</p><a href="https://www.amazon.com/dp/B00006IF4G?tag=eloabder-20&linkCode=osi&th=1&psc=1">View Product</a></div>
<div class="product"><a href="https://www.amazon.com/dp/B0C77GP9XB?tag=eloabder-20&linkCode=osi&th=1&psc=1"><img src="https://m.media-amazon.com/images/I/415Jszg3LKL._SL500_.jpg" alt="Product Image"></a><p>SKYDUE Expanding File Organizer with 8 Pockets, Accordion File Folders with Labels, Portable Document Paper Bill Receipt Organizer, Home College School Office Supplies, Letter Size, Blue</p><p> -13% 0FF </p><p>$6.98</p><a href="https://www.amazon.com/dp/B0C77GP9XB?tag=eloabder-20&linkCode=osi&th=1&psc=1">View Product</a></div><div class="product"><a href="https://www.amazon.com/dp/B0013CETUQ?tag=eloabder-20&linkCode=osi&th=1&psc=1"><img src="https://m.media-amazon.com/images/I/51GxTzd4XbL._SL500_.jpg" alt="Product Image"></a><p>Pendaflex R217DHD Heavy-Duty Expanding Open Top File, 31 Pockets, 1/3 Tab, Letter, Brown</p><p> -36% 0FF </p><p>$15.90</p><a href="https://www.amazon.com/dp/B0013CETUQ?tag=eloabder-20&linkCode=osi&th=1&psc=1">View Product</a></div><div class="product"><a href="https://www.amazon.com/dp/B000UHJCZC?tag=eloabder-20&linkCode=osi&th=1&psc=1"><img src="https://m.media-amazon.com/images/I/31bbG1gUU2L._SL500_.jpg" alt="Product Image"></a><p>Pendaflex Expanding File Pockets, Letter Size, Redrope, 3.5" Expansion, Reinforced with DuPont™ Tyvek® Material, Redrope, 25 per Box (1524E-OX)</p><p> -9% 0FF </p><p>$27.37</p><a href="https://www.amazon.com/dp/B000UHJCZC?tag=eloabder-20&linkCode=osi&th=1&psc=1">View Product</a></div><div class="product"><a href="https://www.amazon.com/dp/B000FD9YHM?tag=eloabder-20&linkCode=osi&th=1&psc=1"><img src="https://m.media-amazon.com/images/I/511Yz6zbRaL._SL500_.jpg" alt="Product Image"></a><p>Pendaflex Heavy Duty Expanding File with Extra-Thick Cover, Tyvek Reinforced Edges, 21 Pockets, A–Z Tabs, Elastic Cord Closure, Letter Size (R117ALHD),Brown</p><p> -14% 0FF </p><p>$14.99</p><a href="https://www.amazon.com/dp/B000FD9YHM?tag=eloabder-20&linkCode=osi&th=1&psc=1">View Product</a></div>
<div class="product"><a href="https://www.amazon.com/dp/B07GKPZDG4?tag=eloabder-20&linkCode=osi&th=1&psc=1"><img src="https://m.media-amazon.com/images/I/51sUuF8kU-L._SL500_.jpg" alt="Product Image"></a><p>Cardinal Economy 3 Ring Binder, 1.5 Inch, Presentation View, Black, Holds 350 Sheets, Nonstick, PVC Free, 4 Pack of Binders (79519)</p><p> -42% 0FF </p><p>$9.19</p><a href="https://www.amazon.com/dp/B07GKPZDG4?tag=eloabder-20&linkCode=osi&th=1&psc=1">View Product</a></div><div class="product"><a href="https://www.amazon.com/dp/B0BF57LL4V?tag=eloabder-20&linkCode=osi&th=1&psc=1"><img src="https://m.media-amazon.com/images/I/317fBolZ+4L._SL500_.jpg" alt="Product Image"></a><p>1-inch 3 Ring Binder with 2 Interior Pockets, 1'' Basic Binders Holds US Letter Size 8.5'' x 11'' Paper - Versatile Binders for Office, Home, and School Use, 6 Pack (White)</p><p> -15% 0FF </p><p>$24.64</p><a href="https://www.amazon.com/dp/B0BF57LL4V?tag=eloabder-20&linkCode=osi&th=1&psc=1">View Product</a></div><div class="product"><a href="https://www.amazon.com/dp/B0BXKQ7YTW?tag=eloabder-20&linkCode=osi&th=1&psc=1"><img src="https://m.media-amazon.com/images/I/416TyBdEZYL._SL500_.jpg" alt="Product Image"></a><p>SUNEE 3 Ring Binder 1 Inch 4 Pack, Clear View 1" Binders Three Ring PVC-Free (Fit 8.5x11 Inches) for School or Office Supplies, Assorted Pastel</p><p> -17% 0FF </p><p>$14.85</p><a href="https://www.amazon.com/dp/B0BXKQ7YTW?tag=eloabder-20&linkCode=osi&th=1&psc=1">View Product</a></div><div class="product"><a href="https://www.amazon.com/dp/B0D2ZF8FHZ?tag=eloabder-20&linkCode=osi&th=1&psc=1"><img src="https://m.media-amazon.com/images/I/31smaJgK7vL._SL500_.jpg" alt="Product Image"></a><p>BinderX Extra Durable 3 Ring Binder, Round Rings 1 Inch Binder, Fits 175 Sheets of 8.5x11 Paper, Customizable View Cover with Inside Pockets, Cute 1" Binders, 1 Inch Binders 3 Ring, Pink</p><p> -36% 0FF </p><p>$8.99</p><a href="https://www.amazon.com/dp/B0D2ZF8FHZ?tag=eloabder-20&linkCode=osi&th=1&psc=1">View Product</a></div><div class="product"><a href="https://www.amazon.com/dp/B001B0GJDU?tag=eloabder-20&linkCode=osi&th=1&psc=1"><img src="https://m.media-amazon.com/images/I/41vpkaYBqsL._SL500_.jpg" alt="Product Image"></a><p>Avery Heavy-Duty View 3 Ring Binder, 1" One Touch Slant Rings, Holds 8.5" x 11" Paper, 1 Black Binder (05300)</p><p> -46% 0FF </p><p>$5.89</p><a href="https://www.amazon.com/dp/B001B0GJDU?tag=eloabder-20&linkCode=osi&th=1&psc=1">View Product</a></div>

<div class="product"><a href="https://www.amazon.com/dp/B0033J6V3A?tag=eloabder-20&linkCode=osi&th=1&psc=1"><img src="https://m.media-amazon.com/images/I/21o5ASbichL._SL500_.jpg" alt="Product Image"></a><p>NuSparc 2 Drawer Locking Filing Cabinet | Pre-Assembled Steel Construction | Space-Saving Design is Perfect for Home and Small Office | Letter-Size | Assembled in North America</p><p> -14% 0FF </p><p>$76.99</p><a href="https://www.amazon.com/dp/B0033J6V3A?tag=eloabder-20&linkCode=osi&th=1&psc=1">View Product</a></div><div class="product"><a href="https://www.amazon.com/dp/B0D9XYD75W?tag=eloabder-20&linkCode=osi&th=1&psc=1"><img src="https://m.media-amazon.com/images/I/31VM3xK++PL._SL500_.jpg" alt="Product Image"></a><p>BYNSOE 2 Drawer File Cabinet with Lock Vertical Filing Storage Cabinet Office Home Steel Vertical File Cabinets for Letter Size File Cabinet Locked,Assembly Required</p><p> -8% 0FF </p><p>$54.99</p><a href="https://www.amazon.com/dp/B0D9XYD75W?tag=eloabder-20&linkCode=osi&th=1&psc=1">View Product</a></div><div class="product"><a href="https://www.amazon.com/dp/B0989HLF81?tag=eloabder-20&linkCode=osi&th=1&psc=1"><img src="https://m.media-amazon.com/images/I/51vzgnkbcjL._SL500_.jpg" alt="Product Image"></a><p>DEVAISE 3 Drawer Mobile File Cabinet, Wood Lateral Filing Cabinet, Printer Stand with Open Shelves for Home Office, Rustic Brown</p><p> -21% 0FF </p><p>$74.99</p><a href="https://www.amazon.com/dp/B0989HLF81?tag=eloabder-20&linkCode=osi&th=1&psc=1">View Product</a></div>
<div class="product"><a href="https://www.amazon.com/dp/B00006RSQD?tag=eloabder-20&linkCode=osi&th=1&psc=1"><img src="https://m.media-amazon.com/images/I/315rez3KpeL._SL500_.jpg" alt="Product Image"></a><p>Bush Business Furniture Series C 36W Tall 5 Shelf Bookcase in Hansen Cherry, Large Storage and Display Bookshelf for Home or Professional Office</p><p> -8% 0FF </p><p>$239.49</p><a href="https://www.amazon.com/dp/B00006RSQD?tag=eloabder-20&linkCode=osi&th=1&psc=1">View Product</a></div>
<div class="product"><a href="https://www.amazon.com/dp/B09F6JPYSY?tag=eloabder-20&linkCode=osi&th=1&psc=1"><img src="https://m.media-amazon.com/images/I/51fGLH7lhHL._SL500_.jpg" alt="Product Image"></a><p>SPACELEAD Slim Storage Cart 3 Tier,Bathroom Organizer Rolling Utility,Mobile Shelving Unit Slide Out for Office, Kitchen, Laundry Room & Narrow Places,Black</p><p> -30% 0FF </p><p>$20.99</p><a href="https://www.amazon.com/dp/B09F6JPYSY?tag=eloabder-20&linkCode=osi&th=1&psc=1">View Product</a></div><div class="product"><a href="https://www.amazon.com/dp/B08KFTVGQY?tag=eloabder-20&linkCode=osi&th=1&psc=1"><img src="https://m.media-amazon.com/images/I/51BjUEmGaiL._SL500_.jpg" alt="Product Image"></a><p>SONGMICS Cube Storage Organizer, Set of 16 Plastic Cubes, Closet Organizers and Storage, Room Organization, Bedroom Living Room, 12.2 x 48.4 x 48.4 Inches, Rustic Brown ULPC442A01</p><p> -15% 0FF </p><p>$46.99</p><a href="https://www.amazon.com/dp/B08KFTVGQY?tag=eloabder-20&linkCode=osi&th=1&psc=1">View Product</a></div><div class="product"><a href="https://www.amazon.com/dp/B0DG359YX5?tag=eloabder-20&linkCode=osi&th=1&psc=1"><img src="https://m.media-amazon.com/images/I/41OBXL4HJdL._SL500_.jpg" alt="Product Image"></a><p>VIVO Clamp-on 13 inch Above or Below Desk 2-Tier Shelving Unit for Table Accessories, Gaming Devices, and More, Storage Tray, Desktop Organizer, Rustic Vintage Brown, STAND-SHELF2C-N</p><p> -20% 0FF </p><p>$39.99</p><a href="https://www.amazon.com/dp/B0DG359YX5?tag=eloabder-20&linkCode=osi&th=1&psc=1">View Product</a></div><div class="product"><a href="https://www.amazon.com/dp/B0D7S5GGP6?tag=eloabder-20&linkCode=osi&th=1&psc=1"><img src="https://m.media-amazon.com/images/I/51EriWG2BLL._SL500_.jpg" alt="Product Image"></a><p>C&AHOME Wire Cube Storage, 9 - Cube Organizer Metal C Grids, Modular Shelves Units, Closet Organizer, Ideal for Home, Office, Living Room, 36.6”L x 12.4”W x 48.4”H, Silver Gray UWCS3009G</p><p> -33% 0FF </p><p>$28.87</p><a href="https://www.amazon.com/dp/B0D7S5GGP6?tag=eloabder-20&linkCode=osi&th=1&psc=1">View Product</a></div>
<div class="product"><a href="https://www.amazon.com/dp/B0B1M6ML2J?tag=eloabder-20&linkCode=osi&th=1&psc=1"><img src="https://m.media-amazon.com/images/I/51pX2Qo38JL._SL500_.jpg" alt="Product Image"></a><p>WOWBOX 25 PCS Clear Plastic Drawer Organizer Set, 4 Sizes Desk Drawer Divider Organizers and Storage Bins for Makeup, Jewelry, Gadgets for Kitchen, Bedroom, Bathroom, Office</p><p> -35% 0FF </p><p>$16.13 ($0.65 / Count)</p><a href="https://www.amazon.com/dp/B0B1M6ML2J?tag=eloabder-20&linkCode=osi&th=1&psc=1">View Product</a></div><div class="product"><a href="https://www.amazon.com/dp/B0DB8F7GDN?tag=eloabder-20&linkCode=osi&th=1&psc=1"><img src="https://m.media-amazon.com/images/I/51iOtKHzvCL._SL500_.jpg" alt="Product Image"></a><p>OPNICE Desk Organizer and Accessories, 2-Tier Computer Monitor Stand Riser with Drawer and 2 Pen Holders, Laptop Stand, Office Desk Accessories for Office Supplies, Black</p><p> -27% 0FF </p><p>$21.99</p><a href="https://www.amazon.com/dp/B0DB8F7GDN?tag=eloabder-20&linkCode=osi&th=1&psc=1">View Product</a></div><div class="product"><a href="https://www.amazon.com/dp/B0FQ86P4M3?tag=eloabder-20&linkCode=osi&th=1&psc=1"><img src="https://m.media-amazon.com/images/I/41ZDdyGnPxL._SL500_.jpg" alt="Product Image"></a><p>Mind Reader 2-Tier Desk Organizer with Clamp, Accessory Shelf for Office or Gaming, Office, Metal, White</p><p> -5% 0FF </p><p>$37.99</p><a href="https://www.amazon.com/dp/B0FQ86P4M3?tag=eloabder-20&linkCode=osi&th=1&psc=1">View Product</a></div><div class="product"><a href="https://www.amazon.com/dp/B0BYDGF8DT?tag=eloabder-20&linkCode=osi&th=1&psc=1"><img src="https://m.media-amazon.com/images/I/51sE2GzgVNL._SL500_.jpg" alt="Product Image"></a><p>OPNICE Desk Organizer and Accessories, 4-Tier Desktop File Organizer with Drawer and 2 Pen Holders, Office Desk Accessories, Workspace Organizers for Office Supplies(Black)</p><p> -33% 0FF </p><p>$19.99</p><a href="https://www.amazon.com/dp/B0BYDGF8DT?tag=eloabder-20&linkCode=osi&th=1&psc=1">View Product</a></div><div class="product"><a href="https://www.amazon.com/dp/B0DJKSMV2T?tag=eloabder-20&linkCode=osi&th=1&psc=1"><img src="https://m.media-amazon.com/images/I/41gO3CCIg1L._SL500_.jpg" alt="Product Image"></a><p>gianotter Dual Monitor Stand Riser, Desk Organizer With Drawer and 2 Pen Holders, Computer Monitor Stand, Shelf for Top of Desk, Black</p><p> -28% 0FF </p><p>$25.99</p><a href="https://www.amazon.com/dp/B0DJKSMV2T?tag=eloabder-20&linkCode=osi&th=1&psc=1">View Product</a></div><div class="product"><a href="https://www.amazon.com/dp/B0BWTT3WK1?tag=eloabder-20&linkCode=osi&th=1&psc=1"><img src="https://m.media-amazon.com/images/I/51JTe2SjicL._SL500_.jpg" alt="Product Image"></a><p>gianotter Desk Organizers and Accessories with File Holder, 4-Tier Desk Accessories & Workspace Organizers with Drawer and 2 Pen Holder, Paper Organizer for Office Supplies (Rose Gold)</p><p> -27% 0FF </p><p>$23.99</p><a href="https://www.amazon.com/dp/B0BWTT3WK1?tag=eloabder-20&linkCode=osi&th=1&psc=1">View Product</a></div><div class="product"><a href="https://www.amazon.com/dp/B09QKDY1YY?tag=eloabder-20&linkCode=osi&th=1&psc=1"><img src="https://m.media-amazon.com/images/I/519UVM73B6L._SL500_.jpg" alt="Product Image"></a><p>Supeasy 5 Trays Paper Organizer Letter Tray with Handle-Mesh Desk File Organizer, Paper Sorter Desk Organizer for Office, Home or School</p><p> -17% 0FF </p><p>$19.99</p><a href="https://www.amazon.com/dp/B09QKDY1YY?tag=eloabder-20&linkCode=osi&th=1&psc=1">View Product</a></div><div class="product"><a href="https://www.amazon.com/dp/B08PBFKGJG?tag=eloabder-20&linkCode=osi&th=1&psc=1"><img src="https://m.media-amazon.com/images/I/61WfW0WLsqL._SL500_.jpg" alt="Product Image"></a><p>Marbrasse 6 Tier Paper Organizer Letter Tray - Mesh Desk File Organizer with Handle, Paper Sorter Organizer for Letter/A4 Office File Folder Holder - Black</p><p> -23% 0FF </p><p>$19.98</p><a href="https://www.amazon.com/dp/B08PBFKGJG?tag=eloabder-20&linkCode=osi&th=1&psc=1">View Product</a></div><div class="product"><a href="https://www.amazon.com/dp/B09K5927B5?tag=eloabder-20&linkCode=osi&th=1&psc=1"><img src="https://m.media-amazon.com/images/I/51u5tZ4jR6L._SL500_.jpg" alt="Product Image"></a><p>Marbrasse Desk Organizer with File Holder, 5-Tier Paper Letter Tray Organizer with Drawer and 2 Pen Holder, Mesh Desktop Organizer and Storage with Magazine Holder for Office Supplies(Black)</p><p> -24% 0FF </p><p>$33.99</p><a href="https://www.amazon.com/dp/B09K5927B5?tag=eloabder-20&linkCode=osi&th=1&psc=1">View Product</a></div>
<div class="product"><a href="https://www.amazon.com/dp/B0CNXF7SVS?tag=eloabder-20&linkCode=osi&th=1&psc=1"><img src="https://m.media-amazon.com/images/I/51a6EswyTZL._SL500_.jpg" alt="Product Image"></a><p>Manalete Drawer Organizers Set of 15, 4 Sizes Clear Plastic Drawer Organizers and Storage Bins for Kitchen, Bathroom, Office, Dresser Desk Drawer Organizer Tray for Jewelry, Makeup, Junk, Gadgets</p><p> -29% 0FF </p><p>$9.99</p><a href="https://www.amazon.com/dp/B0CNXF7SVS?tag=eloabder-20&linkCode=osi&th=1&psc=1">View Product</a></div><div class="product"><a href="https://www.amazon.com/dp/B0CCY5X6SS?tag=eloabder-20&linkCode=osi&th=1&psc=1"><img src="https://m.media-amazon.com/images/I/41Iye-vPXJL._SL500_.jpg" alt="Product Image"></a><p>Bamboo Drawer Organizer Set, 5 PCS Multi-Use Individual Wood Storage Organizers, Junk Drawer Divider and Storage Trays Containers for Kitchen, Bathroom, Office Desk, Makeup, Jewelry, Utensils</p><p> -20% 0FF </p><p>$19.99 ($4.00 / Count)</p><a href="https://www.amazon.com/dp/B0CCY5X6SS?tag=eloabder-20&linkCode=osi&th=1&psc=1">View Product</a></div><div class="product"><a href="https://www.amazon.com/dp/B0CCDJQ7MM?tag=eloabder-20&linkCode=osi&th=1&psc=1"><img src="https://m.media-amazon.com/images/I/51kU0WJxdsL._SL500_.jpg" alt="Product Image"></a><p>Marbrasse Expandable Desk Drawer Organizer, Mesh Drawer Organizer Tray with 10 Adjustable Compartments, Desk Organizers and Accessories, 5 Dividers Drawer for Office Supplies, Makeup & Vanity (Black)</p><p> -15% 0FF </p><p>$17.84</p><a href="https://www.amazon.com/dp/B0CCDJQ7MM?tag=eloabder-20&linkCode=osi&th=1&psc=1">View Product</a></div><div class="product"><a href="https://www.amazon.com/dp/B0DM27MBZN?tag=eloabder-20&linkCode=osi&th=1&psc=1"><img src="https://m.media-amazon.com/images/I/41hAfSMnrZL._SL500_.jpg" alt="Product Image"></a><p>ElegantArray 12 PCS Drawer Organizer Set, 4 Sizes Storage Drawer Units, Clear Plastic Makeup Vanity Organizer and Storage Bins for Makeup, Stationeries, Multiple Gadgets for Bathroom, Office, Bedroom</p><p> -31% 0FF </p><p>$8.99</p><a href="https://www.amazon.com/dp/B0DM27MBZN?tag=eloabder-20&linkCode=osi&th=1&psc=1">View Product</a></div>
<div class="product"><a href="https://www.amazon.com/dp/B0C4T42TPC?tag=eloabder-20&linkCode=osi&th=1&psc=1"><img src="https://m.media-amazon.com/images/I/318IsyAsPXL._SL500_.jpg" alt="Product Image"></a><p>Adjustable Mobile CPU Stand, Ventilated Computer Tower Stand with 4 Caster Wheels Fits Most PC Tower, Under Desk CPU Holder PC Floor Cart Computer Riser for Gamers and Students (Black)</p><p> -21% 0FF </p><p>$14.21</p><a href="https://www.amazon.com/dp/B0C4T42TPC?tag=eloabder-20&linkCode=osi&th=1&psc=1">View Product</a></div><div class="product"><a href="https://www.amazon.com/dp/B094QTGHNZ?tag=eloabder-20&linkCode=osi&th=1&psc=1"><img src="https://m.media-amazon.com/images/I/31VzBQ+jwWL._SL500_.jpg" alt="Product Image"></a><p>WALI Computer Monitor Stand for Desk, Adjustable Laptop Riser, Desk Monitor Stand Underneath Storage for Office, Home, School Supplies (STT003), 1 Pack, Black</p><p> -32% 0FF </p><p>$16.99</p><a href="https://www.amazon.com/dp/B094QTGHNZ?tag=eloabder-20&linkCode=osi&th=1&psc=1">View Product</a></div><div class="product"><a href="https://www.amazon.com/dp/B07H4DMLVH?tag=eloabder-20&linkCode=osi&th=1&psc=1"><img src="https://m.media-amazon.com/images/I/31eTfKhpSWL._SL500_.jpg" alt="Product Image"></a><p>HUANUO Monitor Stand, Monitor Stand Riser 3 Height Adjustable, Monitor Riser with Airflow Vents, Laptop Stand for Desk, Laptop Riser, Desk Organizer for Monitor, 15.6" Laptop, PC, Printer</p><p> -11% 0FF </p><p>$15.19</p><a href="https://www.amazon.com/dp/B07H4DMLVH?tag=eloabder-20&linkCode=osi&th=1&psc=1">View Product</a></div><div class="product"><a href="https://www.amazon.com/dp/B0D69W6H91?tag=eloabder-20&linkCode=osi&th=1&psc=1"><img src="https://m.media-amazon.com/images/I/51rQI+gi3lL._SL500_.jpg" alt="Product Image"></a><p>JANE EYRE Computer Tower Stand - Adjustable PC Tower Stand CPU Holder Cart with Charging Station for Office Home Classroom,23.03"-28.3" H, black</p><p> -10% 0FF </p><p>$53.99</p><a href="https://www.amazon.com/dp/B0D69W6H91?tag=eloabder-20&linkCode=osi&th=1&psc=1">View Product</a></div><div class="product"><a href="https://www.amazon.com/dp/B0C4T34L9Y?tag=eloabder-20&linkCode=osi&th=1&psc=1"><img src="https://m.media-amazon.com/images/I/51BNMGXNOEL._SL500_.jpg" alt="Product Image"></a><p>BONTEC Wooden Monitor Stand Riser, 2-Tier Desk Shelf with Storage Organizer, Ergonomic Computer Stand with Cable Management, Cellphone Holder, White, 16.5 Inch</p><p> -33% 0FF </p><p>$18.04</p><a href="https://www.amazon.com/dp/B0C4T34L9Y?tag=eloabder-20&linkCode=osi&th=1&psc=1">View Product</a></div><div class="product"><a href="https://www.amazon.com/dp/B08BRCT4JH?tag=eloabder-20&linkCode=osi&th=1&psc=1"><img src="https://m.media-amazon.com/images/I/41Ga6A+cXbL._SL500_.jpg" alt="Product Image"></a><p>BESIGN LS03 Aluminum Laptop Stand, Ergonomic Detachable Computer Stand, Notebook Riser Compatible with Air, Pro, Dell, HP, Lenovo More 10-15.6" Laptops, Silver</p><p> -25% 0FF </p><p>$14.98</p><a href="https://www.amazon.com/dp/B08BRCT4JH?tag=eloabder-20&linkCode=osi&th=1&psc=1">View Product</a></div>
<div class="product"><a href="https://www.amazon.com/dp/B07Q79ZZJ6?tag=eloabder-20&linkCode=osi&th=1&psc=1"><img src="https://m.media-amazon.com/images/I/31-LBzENQIL._SL500_.jpg" alt="Product Image"></a><p>Single LCD Computer Monitor Free-Standing Desk Stand Mount Riser for 13 inch to 32 inch screen with Swivel, Height Adjustable, Rotation, Vesa Base Stand Holds One (1) Screen up to 77Lbs(HT05B-001))</p><p> -34% 0FF </p><p>$21.99</p><a href="https://www.amazon.com/dp/B07Q79ZZJ6?tag=eloabder-20&linkCode=osi&th=1&psc=1">View Product</a></div><div class="product"><a href="https://www.amazon.com/dp/B082845XM8?tag=eloabder-20&linkCode=osi&th=1&psc=1"><img src="https://m.media-amazon.com/images/I/41uRH1B7HgL._SL500_.jpg" alt="Product Image"></a><p>Dual Monitor Stand - Vertical Stack Screen Free-Standing Monitor Riser Fits Two 13 to 34 Inch Screen with Swivel, Tilt, Height Adjustable, Holds One (1) Screen Up to 44Lbs</p><p> -5% 0FF </p><p>$31.56</p><a href="https://www.amazon.com/dp/B082845XM8?tag=eloabder-20&linkCode=osi&th=1&psc=1">View Product</a></div><div class="product"><a href="https://www.amazon.com/dp/B00X4SCCFG?tag=eloabder-20&linkCode=osi&th=1&psc=1"><img src="https://m.media-amazon.com/images/I/21X2klzUZGL._SL500_.jpg" alt="Product Image"></a><p>Amazon Basics Height Adjustable Rectangular Computer Monitor Riser Desk Stand with Storage for Reduced Neck Strain - Fits Monitors, Laptops Up to 22lbs, Black</p><p> -35% 0FF </p><p>$14.06</p><a href="https://www.amazon.com/dp/B00X4SCCFG?tag=eloabder-20&linkCode=osi&th=1&psc=1">View Product</a></div>
<div class="product"><a href="https://www.amazon.com/dp/B07HFDJCSL?tag=eloabder-20&linkCode=osi&th=1&psc=1"><img src="https://m.media-amazon.com/images/I/41DR7qY1naL._SL500_.jpg" alt="Product Image"></a><p>VIVO Large Keyboard Tray Under Desk Pull Out with Extra Sturdy C Clamp Mount System, 27 (33 Including Clamps) x 11 Inch Slide-Out Platform Computer Drawer for Typing, Black, MOUNT-KB05E</p><p> -17% 0FF </p><p>$49.99</p><a href="https://www.amazon.com/dp/B07HFDJCSL?tag=eloabder-20&linkCode=osi&th=1&psc=1">View Product</a></div><div class="product"><a href="https://www.amazon.com/dp/B082NKBM62?tag=eloabder-20&linkCode=osi&th=1&psc=1"><img src="https://m.media-amazon.com/images/I/41qQ3p9-mrL._SL500_.jpg" alt="Product Image"></a><p>HUANUO Keyboard Tray Under Desk, 360 Adjustable Ergonomic Sliding Keyboard & Mouse Tray, Under Desk Keyboard Tray Slide Out, Keyboard Holder Under Desk for Typing in Home, Office Work, 25"W x 9.84"D</p><p> -33% 0FF </p><p>$59.98</p><a href="https://www.amazon.com/dp/B082NKBM62?tag=eloabder-20&linkCode=osi&th=1&psc=1">View Product</a></div><div class="product"><a href="https://www.amazon.com/dp/B0F23GTKHL?tag=eloabder-20&linkCode=osi&th=1&psc=1"><img src="https://m.media-amazon.com/images/I/41dmHoeznDL._SL500_.jpg" alt="Product Image"></a><p>Zontera Ergonomic Mouse & Keyboard Tray Under Desk, Pull Out with Adjustable C-clamp, 20 (25.9 Including Clamps) x 11.8 Inch Slide Out Computer Keyboard Drawer Mouse Tray for Typing, Black</p><p> -7% 0FF </p><p>$25.99</p><a href="https://www.amazon.com/dp/B0F23GTKHL?tag=eloabder-20&linkCode=osi&th=1&psc=1">View Product</a></div><div class="product"><a href="https://www.amazon.com/dp/B01IIGMBVI?tag=eloabder-20&linkCode=osi&th=1&psc=1"><img src="https://m.media-amazon.com/images/I/21Vw8003F0L._SL500_.jpg" alt="Product Image"></a><p>Alera ALE Valencia Series Underdesk Keyboard/Mouse Shelf, 28w x 12d, Black</p><p> -50% 0FF </p><p>$29.22</p><a href="https://www.amazon.com/dp/B01IIGMBVI?tag=eloabder-20&linkCode=osi&th=1&psc=1">View Product</a></div>
<div class="product"><a href="https://www.amazon.com/dp/B07C3XZMC6?tag=eloabder-20&linkCode=osi&th=1&psc=1"><img src="https://m.media-amazon.com/images/I/31Eojf7glwL._SL500_.jpg" alt="Product Image"></a><p>JIKIOU 3 Pack Mouse Pad with Stitched Edge, Comfortable Mouse Pads with Non-Slip Rubber Base, Washable Mousepads Bulk with Comfortable Cloth, Mouse Pads for Computers Laptop Mouse 10.2x8.3inch Black</p><p> -29% 0FF </p><p>$7.99</p><a href="https://www.amazon.com/dp/B07C3XZMC6?tag=eloabder-20&linkCode=osi&th=1&psc=1">View Product</a></div><div class="product"><a href="https://www.amazon.com/dp/B085XRMSTT?tag=eloabder-20&linkCode=osi&th=1&psc=1"><img src="https://m.media-amazon.com/images/I/31aDSI0sFoL._SL500_.jpg" alt="Product Image"></a><p>EooCoo Ergonomic Mouse Pad with Wrist Support, Mousepad with Memory Foam Wrist Rest and Non-Slip Base for Computer, Cafe, Home & Office, 9.64 x 8.26 in Office Desk Accessories</p><p> -36% 0FF </p><p>$6.99</p><a href="https://www.amazon.com/dp/B085XRMSTT?tag=eloabder-20&linkCode=osi&th=1&psc=1">View Product</a></div>
<div class="product"><a href="https://www.amazon.com/dp/B0BRCJL4MM?tag=eloabder-20&linkCode=osi&th=1&psc=1"><img src="https://m.media-amazon.com/images/I/41sggzaNbPL._SL500_.jpg" alt="Product Image"></a><p>Led Desk Lamp for Office Home - Eye Caring Architect lamp with Clamp,Dual Screen Computer Monitor Gooseneck Smart Light: 24W 5 Color Flexible Adjustable Lighting Table Lamp for Study Drafting</p><p> -13% 0FF </p><p>$69.99</p><a href="https://www.amazon.com/dp/B0BRCJL4MM?tag=eloabder-20&linkCode=osi&th=1&psc=1">View Product</a></div><div class="product"><a href="https://www.amazon.com/dp/B0BNHNG5CY?tag=eloabder-20&linkCode=osi&th=1&psc=1"><img src="https://m.media-amazon.com/images/I/51ccmdZe2YL._SL500_.jpg" alt="Product Image"></a><p>Micomlan Led Desk Lamp with Clamp, Architect Desk Lamp for Home Office with Atmosphere Lighting, 24W Ultra Bright Auto Dimming Computer Light Stepless Dimming and Tempering LED Table Light</p><p> -27% 0FF </p><p>$49.99</p><a href="https://www.amazon.com/dp/B0BNHNG5CY?tag=eloabder-20&linkCode=osi&th=1&psc=1">View Product</a></div><div class="product"><a href="https://www.amazon.com/dp/B078W61H9P?tag=eloabder-20&linkCode=osi&th=1&psc=1"><img src="https://m.media-amazon.com/images/I/31aebwb3nqL._SL500_.jpg" alt="Product Image"></a><p>LEPOWER Metal Desk Lamp, Eye-Caring Table Lamp, Study Lamps with Flexible Goose Neck for Bedroom, Home Office (Matte Black)</p><p> -24% 0FF </p><p>$24.99</p><a href="https://www.amazon.com/dp/B078W61H9P?tag=eloabder-20&linkCode=osi&th=1&psc=1">View Product</a></div><div class="product"><a href="https://www.amazon.com/dp/B0D1DLY4H4?tag=eloabder-20&linkCode=osi&th=1&psc=1"><img src="https://m.media-amazon.com/images/I/41sKiuSIwRL._SL500_.jpg" alt="Product Image"></a><p>SKYLEO Led Desk Lamp - Desk Light for 31.5" Tall - 5 Color Modes X 11 Brightness Levels - Adjustable Swing Arm - Timmer & Memory Function - 12W Lamp for Desk - Black</p><p> -23% 0FF </p><p>$19.99</p><a href="https://www.amazon.com/dp/B0D1DLY4H4?tag=eloabder-20&linkCode=osi&th=1&psc=1">View Product</a></div><div class="product"><a href="https://www.amazon.com/dp/B0D2LGK82V?tag=eloabder-20&linkCode=osi&th=1&psc=1"><img src="https://m.media-amazon.com/images/I/41UpQ-qygDL._SL500_.jpg" alt="Product Image"></a><p>Addtam LED Desk Lamp, Power Strip with 3 Outlets 4 USB Charging Ports(2 USBC), 4 Modes 5 Level Brightness Touch Lamp, Small Desk Lamp for Home Office College Dorm Room Essentials</p><p> -23% 0FF </p><p>$16.99</p><a href="https://www.amazon.com/dp/B0D2LGK82V?tag=eloabder-20&linkCode=osi&th=1&psc=1">View Product</a></div><div class="product"><a href="https://www.amazon.com/dp/B08LMTQ7ZF?tag=eloabder-20&linkCode=osi&th=1&psc=1"><img src="https://m.media-amazon.com/images/I/21vKPX2KHML._SL500_.jpg" alt="Product Image"></a><p>Lepro LED Desk Lamp for Home Office, 9.5W 750LM Metal Touch Control Desk Light, 5 Color Modes 5 Brightness Level, Eye Caring Task Lamp For Reading, Sewing, Crafts, School Supplies, Puzzle Light, Black</p><p> -13% 0FF </p><p>$24.99</p><a href="https://www.amazon.com/dp/B08LMTQ7ZF?tag=eloabder-20&linkCode=osi&th=1&psc=1">View Product</a></div>
<div class="product"><a href="https://www.amazon.com/dp/B0D7BXNDP4?tag=eloabder-20&linkCode=osi&th=1&psc=1"><img src="https://m.media-amazon.com/images/I/41DuEunZ1+L._SL500_.jpg" alt="Product Image"></a><p>Monitor Fan with Clamp & Light Bar Desk Lamp with fan for Office mini Desk fan small quiet with lamp for PC Laptops Tablet for Home Office Portable Working Reading Stand Lamp</p><p> -5% 0FF </p><p>$15.19</p><a href="https://www.amazon.com/dp/B0D7BXNDP4?tag=eloabder-20&linkCode=osi&th=1&psc=1">View Product</a></div><div class="product"><a href="https://www.amazon.com/dp/B07K1D41DC?tag=eloabder-20&linkCode=osi&th=1&psc=1"><img src="https://m.media-amazon.com/images/I/310MAouNV-L._SL500_.jpg" alt="Product Image"></a><p>OttLite Cool Breeze LED Lamp with Bladeless Fan - 3 Speed Options & 5 Brightness Settings with Energy Efficient Natural Daylight LEDs - Desktop, Table or Nightstand Lamp for Studying or Reading</p><p> -14% 0FF </p><p>$89.98</p><a href="https://www.amazon.com/dp/B07K1D41DC?tag=eloabder-20&linkCode=osi&th=1&psc=1">View Product</a></div>
<div class="product"><a href="https://www.amazon.com/dp/B0CXSXL1F2?tag=eloabder-20&linkCode=osi&th=1&psc=1"><img src="https://m.media-amazon.com/images/I/41H6cndt7iL._SL500_.jpg" alt="Product Image"></a><p>9 Pack Lined Sticky Notes 4x6 in Post Sticky Notes with Lines, 9 Bright Colors Self Sticky Notes Pad Its, Large Ruled Sticky Note for Office, Home, 35 Sheets/Pad</p><p> -33% 0FF </p><p>$7.99</p><a href="https://www.amazon.com/dp/B0CXSXL1F2?tag=eloabder-20&linkCode=osi&th=1&psc=1">View Product</a></div><div class="product"><a href="https://www.amazon.com/dp/B019QROV9S?tag=eloabder-20&linkCode=osi&th=1&psc=1"><img src="https://m.media-amazon.com/images/I/51OsStyntzL._SL500_.jpg" alt="Product Image"></a><p>Sharpie Clear View Highlighter Sticks, Chisel Tip, Assorted Fluorescent, 8 Count - School, Home, and Office Use, Teacher Supplies</p><p> -23% 0FF </p><p>$13.86</p><a href="https://www.amazon.com/dp/B019QROV9S?tag=eloabder-20&linkCode=osi&th=1&psc=1">View Product</a></div>
<div class="product"><a href="https://www.amazon.com/dp/B082PN4X5J?tag=eloabder-20&linkCode=osi&th=1&psc=1"><img src="https://m.media-amazon.com/images/I/51o+eA8g6nL._SL500_.jpg" alt="Product Image"></a><p>Sharpie S-Gel Gel Pens, Black Barrel, Medium Point (0.7mm), Black Gel Ink Pens, 12 Count - Home, Office, School, Journaling, Writing, Note-Taking, Teacher Supplies</p><p> -14% 0FF </p><p>$11.97</p><a href="https://www.amazon.com/dp/B082PN4X5J?tag=eloabder-20&linkCode=osi&th=1&psc=1">View Product</a></div><div class="product"><a href="https://www.amazon.com/dp/B0C9W8DD9S?tag=eloabder-20&linkCode=osi&th=1&psc=1"><img src="https://m.media-amazon.com/images/I/41mdSvEwNZL._SL500_.jpg" alt="Product Image"></a><p>Ddaowanx Gel Pens, 6 Pcs 0.5mm Quick Dry Black Ink Pens Fine Point Smooth Writing Pens, Cute Office School Supplies Gifts for Women</p><p> -10% 0FF </p><p>$8.99</p><a href="https://www.amazon.com/dp/B0C9W8DD9S?tag=eloabder-20&linkCode=osi&th=1&psc=1">View Product</a></div><div class="product"><a href="https://www.amazon.com/dp/B019QBOG3U?tag=eloabder-20&linkCode=osi&th=1&psc=1"><img src="https://m.media-amazon.com/images/I/416PjSebDoL._SL500_.jpg" alt="Product Image"></a><p>Paper Mate Colorful Gel Pens - InkJoy Gel Pens Assorted Medium Point (0.7). Perfect for Vibrant Colored Writing and Sketching with Paper Mate InkJoy 14 Count</p><p> -18% 0FF </p><p>$10.31</p><a href="https://www.amazon.com/dp/B019QBOG3U?tag=eloabder-20&linkCode=osi&th=1&psc=1">View Product</a></div><div class="product"><a href="https://www.amazon.com/dp/B0C73JDN4S?tag=eloabder-20&linkCode=osi&th=1&psc=1"><img src="https://m.media-amazon.com/images/I/51DJUUxL7HL._SL500_.jpg" alt="Product Image"></a><p>Linbsunne Ballpoint Pens Black Medium Point 1mm Pen with Super Soft Grip Ball Point Pen for Men Women Retractable Pens (gold-12 pcs)</p><p> -10% 0FF </p><p>$8.99</p><a href="https://www.amazon.com/dp/B0C73JDN4S?tag=eloabder-20&linkCode=osi&th=1&psc=1">View Product</a></div><div class="product"><a href="https://www.amazon.com/dp/B001OTA66O?tag=eloabder-20&linkCode=osi&th=1&psc=1"><img src="https://m.media-amazon.com/images/I/41yS5tBZQLL._SL500_.jpg" alt="Product Image"></a><p>BIC Glide Black Retractable Ballpoint Pens, Medium Point (1.0mm), 4-Count Pack, Ultra Smooth Writing Black Pens</p><p> -40% 0FF </p><p>$2.99</p><a href="https://www.amazon.com/dp/B001OTA66O?tag=eloabder-20&linkCode=osi&th=1&psc=1">View Product</a></div>
<div class="product"><a href="https://www.amazon.com/dp/B002HVXXCW?tag=eloabder-20&linkCode=osi&th=1&psc=1"><img src="https://m.media-amazon.com/images/I/41JeEedXCeL._SL500_.jpg" alt="Product Image"></a><p>Ticonderoga Wood-Cased Pencils, Pre-Sharpened, 2 HB Soft, Yellow, 10 Count</p><p> -58% 0FF </p><p>$2.49</p><a href="https://www.amazon.com/dp/B002HVXXCW?tag=eloabder-20&linkCode=osi&th=1&psc=1">View Product</a></div><div class="product"><a href="https://www.amazon.com/dp/B077Q4B6YN?tag=eloabder-20&linkCode=osi&th=1&psc=1"><img src="https://m.media-amazon.com/images/I/4160YcHGDNL._SL500_.jpg" alt="Product Image"></a><p>Paper Mate 2017483 Mechanical Pencils for Handwriting, Triangular, 5/PK, AST</p><p> -45% 0FF </p><p>$3.47</p><a href="https://www.amazon.com/dp/B077Q4B6YN?tag=eloabder-20&linkCode=osi&th=1&psc=1">View Product</a></div>
<div class="product"><a href="https://www.amazon.com/dp/B0D7YTZNRF?tag=eloabder-20&linkCode=osi&th=1&psc=1"><img src="https://m.media-amazon.com/images/I/41hSbSlNAmL._SL500_.jpg" alt="Product Image"></a><p>YASNAY Alcohol Markers, 48 Colors Dual Tip Art Marker, Drawing Markers, Coloring Marker for Kids Sketching Adult Coloring</p><p> -27% 0FF </p><p>$10.99</p><a href="https://www.amazon.com/dp/B0D7YTZNRF?tag=eloabder-20&linkCode=osi&th=1&psc=1">View Product</a></div><div class="product"><a href="https://www.amazon.com/dp/B07CJ8QXF8?tag=eloabder-20&linkCode=osi&th=1&psc=1"><img src="https://m.media-amazon.com/images/I/51bChi4-H4L._SL500_.jpg" alt="Product Image"></a><p>Dual Markers Brush Pens, 36 Fine Point Art Marker, Double Tip Colored Pen for Adult Coloring Hand Lettering, School Classroom Art Suppliers</p><p> -20% 0FF </p><p>$7.98</p><a href="https://www.amazon.com/dp/B07CJ8QXF8?tag=eloabder-20&linkCode=osi&th=1&psc=1">View Product</a></div><div class="product"><a href="https://www.amazon.com/dp/B071CP6X88?tag=eloabder-20&linkCode=osi&th=1&psc=1"><img src="https://m.media-amazon.com/images/I/41sNeEYkTNL._SL500_.jpg" alt="Product Image"></a><p>Crayola Super Tips Marker Set for Kids (100ct), Broad Tip & Fine Point Washable Art Markers for Kids, Bulk School Supplies, Teacher Classroom Must Haves, Drawing Supplies</p><p> -19% 0FF </p><p>$16.29</p><a href="https://www.amazon.com/dp/B071CP6X88?tag=eloabder-20&linkCode=osi&th=1&psc=1">View Product</a></div><div class="product"><a href="https://www.amazon.com/dp/B08MBFPFCQ?tag=eloabder-20&linkCode=osi&th=1&psc=1"><img src="https://m.media-amazon.com/images/I/51DaGL7Z4oL._SL500_.jpg" alt="Product Image"></a><p>Sharpie Permanent Markers Variety Pack, Includes Chisel, Fine, and Ultra-Fine Tips, Marker Set, Writing, Coloring, Poster, Office, School Supplies, Black, 6 Count</p><p> -19% 0FF </p><p>$4.63 ($0.77 / Count)</p><a href="https://www.amazon.com/dp/B08MBFPFCQ?tag=eloabder-20&linkCode=osi&th=1&psc=1">View Product</a></div>
<div class="product"><a href="https://www.amazon.com/dp/B09Y2KJ2KX?tag=eloabder-20&linkCode=osi&th=1&psc=1"><img src="https://m.media-amazon.com/images/I/41EhQr7suML._SL500_.jpg" alt="Product Image"></a><p>Sharpie Pocket Highlighters, Mild Pastel Colors, Assorted, Chisel Tip, 12 Count - School, Home, and Office Use, Teacher Supplies</p><p> -22% 0FF </p><p>$7.76 ($0.65 / Count)</p><a href="https://www.amazon.com/dp/B09Y2KJ2KX?tag=eloabder-20&linkCode=osi&th=1&psc=1">View Product</a></div><div class="product"><a href="https://www.amazon.com/dp/B08698MJWT?tag=eloabder-20&linkCode=osi&th=1&psc=1"><img src="https://m.media-amazon.com/images/I/512N7aYt5oL._SL500_.jpg" alt="Product Image"></a><p>Sharpie S-Note Creative Markers, Pastel Highlighters, Art Marker Set, Assorted Colors, Chisel Tip, 24 Count - School, Home, and Office Use, Teacher Supplies</p><p> -60% 0FF </p><p>$8.83</p><a href="https://www.amazon.com/dp/B08698MJWT?tag=eloabder-20&linkCode=osi&th=1&psc=1">View Product</a></div>
<div class="product"><a href="https://www.amazon.com/dp/B097DPQPYN?tag=eloabder-20&linkCode=osi&th=1&psc=1"><img src="https://m.media-amazon.com/images/I/51nFyQPtfkL._SL500_.jpg" alt="Product Image"></a><p>Sonuimy Pencil Sharpeners, 4 Pcs Pencil Sharpeners Manual,Dual Holes Compact Colored Handheld Pencil Sharpener for Kids with Lid Adults Students School Class Home Office (Covered)</p><p> -13% 0FF </p><p>$4.49</p><a href="https://www.amazon.com/dp/B097DPQPYN?tag=eloabder-20&linkCode=osi&th=1&psc=1">View Product</a></div><div class="product"><a href="https://www.amazon.com/dp/B000MFN1G8?tag=eloabder-20&linkCode=osi&th=1&psc=1"><img src="https://m.media-amazon.com/images/I/41JPflroUEL._SL500_.jpg" alt="Product Image"></a><p>Compact Desktop Electric Pencil Sharpener, Black, Sold as 1 Each</p><p> -21% 0FF </p><p>$15.89</p><a href="https://www.amazon.com/dp/B000MFN1G8?tag=eloabder-20&linkCode=osi&th=1&psc=1">View Product</a></div><div class="product"><a href="https://www.amazon.com/dp/B00125KXGI?tag=eloabder-20&linkCode=osi&th=1&psc=1"><img src="https://m.media-amazon.com/images/I/51avY0bZv6L._SL500_.jpg" alt="Product Image"></a><p>Bostitch Office Personal Electric Pencil Sharpener, Powerful Stall-Free Motor, High Capacity Shavings Tray, Blue</p><p> -13% 0FF </p><p>$17.48</p><a href="https://www.amazon.com/dp/B00125KXGI?tag=eloabder-20&linkCode=osi&th=1&psc=1">View Product</a></div><div class="product"><a href="https://www.amazon.com/dp/B078DZY9Z5?tag=eloabder-20&linkCode=osi&th=1&psc=1"><img src="https://m.media-amazon.com/images/I/41KbUFGrXfL._SL500_.jpg" alt="Product Image"></a><p>JARLINK Electric Pencil Sharpener, Heavy-Duty Helical Blade to Fast Sharpen, Auto Stop for No.2/Colored Pencils(6-8mm), AC Adapter/Battery Operated in School Classroom/Office/Home (Black)</p><p> -21% 0FF </p><p>$16.98</p><a href="https://www.amazon.com/dp/B078DZY9Z5?tag=eloabder-20&linkCode=osi&th=1&psc=1">View Product</a></div><div class="product"><a href="https://www.amazon.com/dp/B08DLXH86D?tag=eloabder-20&linkCode=osi&th=1&psc=1"><img src="https://m.media-amazon.com/images/I/41UghsnBycL._SL500_.jpg" alt="Product Image"></a><p>Aogwat Pencil Sharpener Electric Pencil Sharpener for Kids, Blade to Fast Sharpen, Suitable for No.2/School/Classroom/Office/Home (Black)</p><p> -23% 0FF </p><p>$9.99</p><a href="https://www.amazon.com/dp/B08DLXH86D?tag=eloabder-20&linkCode=osi&th=1&psc=1">View Product</a></div><div class="product"><a href="https://www.amazon.com/dp/B000GP0VIU?tag=eloabder-20&linkCode=osi&th=1&psc=1"><img src="https://m.media-amazon.com/images/I/318OKKSwzbL._SL500_.jpg" alt="Product Image"></a><p>Bostitch Office Wall Mount Manual Pencil Sharpener, Tip Saver, 8 Hole Dial, 6X Longer Cutter Life, Vertical or Horizontal Mounting Black (MPS1-BLK)</p><p> -9% 0FF </p><p>$13.18</p><a href="https://www.amazon.com/dp/B000GP0VIU?tag=eloabder-20&linkCode=osi&th=1&psc=1">View Product</a></div>
<div class="product"><a href="https://www.amazon.com/dp/B00094H4LU?tag=eloabder-20&linkCode=osi&th=1&psc=1"><img src="https://m.media-amazon.com/images/I/41f-fbZYU1L._SL500_.jpg" alt="Product Image"></a><p>Paper Mate Erasers | Pink Pearl Large Erasers 12 Count</p><p> -55% 0FF </p><p>$6.03</p><a href="https://www.amazon.com/dp/B00094H4LU?tag=eloabder-20&linkCode=osi&th=1&psc=1">View Product</a></div><div class="product"><a href="https://www.amazon.com/dp/B07DPVVMWB?tag=eloabder-20&linkCode=osi&th=1&psc=1"><img src="https://m.media-amazon.com/images/I/51wLlsENgiL._SL500_.jpg" alt="Product Image"></a><p>Mr. Pen Erasers for Pencils, 120 Pack, Pencil Top Erasers, Eraser Caps, Cap Tops, Topper Erasers. Ereaser</p><p> -24% 0FF </p><p>$5.95</p><a href="https://www.amazon.com/dp/B07DPVVMWB?tag=eloabder-20&linkCode=osi&th=1&psc=1">View Product</a></div><div class="product"><a href="https://www.amazon.com/dp/B07144DC8V?tag=eloabder-20&linkCode=osi&th=1&psc=1"><img src="https://m.media-amazon.com/images/I/51Ed1+HW9cL._SL500_.jpg" alt="Product Image"></a><p>Pentel Hi-Polymer Block Eraser, White, 10/Box (ZEH10PC10)</p><p> -44% 0FF </p><p>$9.99</p><a href="https://www.amazon.com/dp/B07144DC8V?tag=eloabder-20&linkCode=osi&th=1&psc=1">View Product</a></div><div class="product"><a href="https://www.amazon.com/dp/B0047CT6SE?tag=eloabder-20&linkCode=osi&th=1&psc=1"><img src="https://m.media-amazon.com/images/I/41bhWXKeeiL._SL500_.jpg" alt="Product Image"></a><p>Pentel Clic Retractable Eraser with Grip, 3 Pack</p><p> -29% 0FF </p><p>$4.77</p><a href="https://www.amazon.com/dp/B0047CT6SE?tag=eloabder-20&linkCode=osi&th=1&psc=1">View Product</a></div>
<div class="product"><a href="https://www.amazon.com/dp/B09S9X3HV7?tag=eloabder-20&linkCode=osi&th=1&psc=1"><img src="https://m.media-amazon.com/images/I/51GgMyfl5VL._SL500_.jpg" alt="Product Image"></a><p>Color Transparent Ruler Plastic Rulers - Ruler 12 inch, Kids Ruler for School, Ruler with Centimeters, Millimeter and Inches, Assorted Colors, Clear Rulers, 7 Pack School Rulers</p><p> -16% 0FF </p><p>$5.99</p><a href="https://www.amazon.com/dp/B09S9X3HV7?tag=eloabder-20&linkCode=osi&th=1&psc=1">View Product</a></div><div class="product"><a href="https://www.amazon.com/dp/B06XK9VQM4?tag=eloabder-20&linkCode=osi&th=1&psc=1"><img src="https://m.media-amazon.com/images/I/51Glln3n-nL._SL500_.jpg" alt="Product Image"></a><p>Outus 12 Pack Wood Ruler Bulk for Students Wooden School Rulers Gifts Office Classroom Measuring, 2 Scale, 12 Inch and 30 cm</p><p> -6% 0FF </p><p>$7.99</p><a href="https://www.amazon.com/dp/B06XK9VQM4?tag=eloabder-20&linkCode=osi&th=1&psc=1">View Product</a></div><div class="product"><a href="https://www.amazon.com/dp/B0B5MLTG7J?tag=eloabder-20&linkCode=osi&th=1&psc=1"><img src="https://m.media-amazon.com/images/I/51z9LUxLKmL._SL500_.jpg" alt="Product Image"></a><p>DAGONGREN 30 Pack Clear Plastic Rulers 12 Inch,Transparent Assorted Color Metric Bulk Rulers with Inches and Centimeters,Kids Ruler for School,Home,Office</p><p> -9% 0FF </p><p>$9.99</p><a href="https://www.amazon.com/dp/B0B5MLTG7J?tag=eloabder-20&linkCode=osi&th=1&psc=1">View Product</a></div><div class="product"><a href="https://www.amazon.com/dp/B096MPPF53?tag=eloabder-20&linkCode=osi&th=1&psc=1"><img src="https://m.media-amazon.com/images/I/51qUpElDRcS._SL500_.jpg" alt="Product Image"></a><p>Tenare 1 Set Plastic Clear Math Set Includes Protractor Triangle Rulers 12 Inch 6 Inch Straight Geometry Math Transparent Ruler Measuring Tool for School Office Home Supplies(Clear)</p><p> -25% 0FF </p><p>$5.98</p><a href="https://www.amazon.com/dp/B096MPPF53?tag=eloabder-20&linkCode=osi&th=1&psc=1">View Product</a></div>
<div class="product"><a href="https://www.amazon.com/dp/B07YDDX4JL?tag=eloabder-20&linkCode=osi&th=1&psc=1"><img src="https://m.media-amazon.com/images/I/41oBPZwCRLL._SL500_.jpg" alt="Product Image"></a><p>3-Pack 8" Heavy Duty Scissors with Ultra Sharp Blades and Comfort Grip Handles - For Office, Home, School, Sewing, and Crafts</p><p> -15% 0FF </p><p>$8.49 ($2.83 / Count)</p><a href="https://www.amazon.com/dp/B07YDDX4JL?tag=eloabder-20&linkCode=osi&th=1&psc=1">View Product</a></div><div class="product"><a href="https://www.amazon.com/dp/B01BRGU8R0?tag=eloabder-20&linkCode=osi&th=1&psc=1"><img src="https://m.media-amazon.com/images/I/41ANVra+eNL._SL500_.jpg" alt="Product Image"></a><p>Amazon Basics Stainless Steel Scissors for Office, Crafts, Multipurpose, Sharp, Comfort Grip, PVD Coated, 3 Pack, Multicolor</p><p> -45% 0FF </p><p>$7.55</p><a href="https://www.amazon.com/dp/B01BRGU8R0?tag=eloabder-20&linkCode=osi&th=1&psc=1">View Product</a></div><div class="product"><a href="https://www.amazon.com/dp/B000P0LNRE?tag=eloabder-20&linkCode=osi&th=1&psc=1"><img src="https://m.media-amazon.com/images/I/41fWgMTO0JL._SL500_.jpg" alt="Product Image"></a><p>Westcott 8-Inch Titanium-Bonded Scissors with Adjustable Glide Feature for Office and Home - Gray/Yellow, 2-Pack</p><p> -33% 0FF </p><p>$9.97</p><a href="https://www.amazon.com/dp/B000P0LNRE?tag=eloabder-20&linkCode=osi&th=1&psc=1">View Product</a></div>
<div class="product"><a href="https://www.amazon.com/dp/B074ZRZ4CZ?tag=eloabder-20&linkCode=osi&th=1&psc=1"><img src="https://m.media-amazon.com/images/I/41bu+HKxC2L._SL500_.jpg" alt="Product Image"></a><p>Swingline Commercial Stapler, 20 Sheet Capacity, Jam Free, Metal, 2 Pack, Black (44401AZ)</p><p> -5% 0FF </p><p>$18.98</p><a href="https://www.amazon.com/dp/B074ZRZ4CZ?tag=eloabder-20&linkCode=osi&th=1&psc=1">View Product</a></div><div class="product"><a href="https://www.amazon.com/dp/B001PME62K?tag=eloabder-20&linkCode=osi&th=1&psc=1"><img src="https://m.media-amazon.com/images/I/41gbaJu-3iL._SL500_.jpg" alt="Product Image"></a><p>Swingline Stapler, 40 Sheet Capacity, Optima 40, Jam Free, Reduced Effort, Soft Grip, Metal, Orange and Gray (87845)</p><p> -14% 0FF </p><p>$24.19</p><a href="https://www.amazon.com/dp/B001PME62K?tag=eloabder-20&linkCode=osi&th=1&psc=1">View Product</a></div><div class="product"><a href="https://www.amazon.com/dp/B0D2JBKYM1?tag=eloabder-20&linkCode=osi&th=1&psc=1"><img src="https://m.media-amazon.com/images/I/41zFTU9QpfL._SL500_.jpg" alt="Product Image"></a><p>Bostitch Office Stapler, No-Jam Premium for Desktop, Includes 1,250 Staples, Full-Strip, 25 Sheet Capacity, Black</p><p> -26% 0FF </p><p>$6.99</p><a href="https://www.amazon.com/dp/B0D2JBKYM1?tag=eloabder-20&linkCode=osi&th=1&psc=1">View Product</a></div><div class="product"><a href="https://www.amazon.com/dp/B0CC5GJKM1?tag=eloabder-20&linkCode=osi&th=1&psc=1"><img src="https://m.media-amazon.com/images/I/41JDDoSZQiL._SL500_.jpg" alt="Product Image"></a><p>Metal Stapler Heavy Duty 50 Sheet Capacity with 1750 Staples and Staple Remover, Full Strip Staplers for Desk, No Jam, Non-Slip for Office & Classroom, Black</p><p> -33% 0FF </p><p>$13.29</p><a href="https://www.amazon.com/dp/B0CC5GJKM1?tag=eloabder-20&linkCode=osi&th=1&psc=1">View Product</a></div><div class="product"><a href="https://www.amazon.com/dp/B0006HUQZ6?tag=eloabder-20&linkCode=osi&th=1&psc=1"><img src="https://m.media-amazon.com/images/I/31e-T-f1TGL._SL500_.jpg" alt="Product Image"></a><p>Swingline Stapler, 30 Sheet Capacity, 747 Business Stapler, Jam Free, Metal, Rio Red (74736)</p><p> -23% 0FF </p><p>$15.30</p><a href="https://www.amazon.com/dp/B0006HUQZ6?tag=eloabder-20&linkCode=osi&th=1&psc=1">View Product</a></div>
<div class="product"><a href="https://www.amazon.com/dp/B00J8PJJF0?tag=eloabder-20&linkCode=osi&th=1&psc=1"><img src="https://m.media-amazon.com/images/I/418dc+5ZGkL._SL500_.jpg" alt="Product Image"></a><p>Bostitch Office Premium Standard Staples, 1/4" Full Strip, Box of 5,000 Staples</p><p> -27% 0FF </p><p>$4.39</p><a href="https://www.amazon.com/dp/B00J8PJJF0?tag=eloabder-20&linkCode=osi&th=1&psc=1">View Product</a></div><div class="product"><a href="https://www.amazon.com/dp/B079VYR12V?tag=eloabder-20&linkCode=osi&th=1&psc=1"><img src="https://m.media-amazon.com/images/I/51xAt88vqrL._SL500_.jpg" alt="Product Image"></a><p>Officemate Standard Staples, 10 Boxes General Purpose Staple (91950)</p><p> -10% 0FF </p><p>$14.37</p><a href="https://www.amazon.com/dp/B079VYR12V?tag=eloabder-20&linkCode=osi&th=1&psc=1">View Product</a></div><div class="product"><a href="https://www.amazon.com/dp/B00006IFMQ?tag=eloabder-20&linkCode=osi&th=1&psc=1"><img src="https://m.media-amazon.com/images/I/51UsWZuFq8L._SL500_.jpg" alt="Product Image"></a><p>Bostitch Office B8 PowerCrown 0.25 Inch Staples, Pack of 5,000 Staples (STCRP21151/4), Silver</p><p> -30% 0FF </p><p>$2.33</p><a href="https://www.amazon.com/dp/B00006IFMQ?tag=eloabder-20&linkCode=osi&th=1&psc=1">View Product</a></div>
<div class="product"><a href="https://www.amazon.com/dp/B000J07BRQ?tag=eloabder-20&linkCode=osi&th=1&psc=1"><img src="https://m.media-amazon.com/images/I/51QpJKjajbL._SL500_.jpg" alt="Product Image"></a><p>Scotch Heavy Duty Shipping Packing Tape, Clear, Packing Tape for Moving Boxes and Packaging Supplies, 1.88 in. x 22.2 yd., 6 Roll Dispensers, Moving Supplies</p><p> -35% 0FF </p><p>$12.99</p><a href="https://www.amazon.com/dp/B000J07BRQ?tag=eloabder-20&linkCode=osi&th=1&psc=1">View Product</a></div><div class="product"><a href="https://www.amazon.com/dp/B0000DH8HQ?tag=eloabder-20&linkCode=osi&th=1&psc=1"><img src="https://m.media-amazon.com/images/I/414lAY+087L._SL500_.jpg" alt="Product Image"></a><p>Scotch Magic Tape, Invisible Transparent Tape, 6 Tape Rolls with Dispensers, 3/4 in x 650 in</p><p> -23% 0FF </p><p>$12.34</p><a href="https://www.amazon.com/dp/B0000DH8HQ?tag=eloabder-20&linkCode=osi&th=1&psc=1">View Product</a></div><div class="product"><a href="https://www.amazon.com/dp/B0DQHV6X92?tag=eloabder-20&linkCode=osi&th=1&psc=1"><img src="https://m.media-amazon.com/images/I/51ViCFlgldL._SL500_.jpg" alt="Product Image"></a><p>BeataTap Tape, Invisible Tape, 6 Rolls + 6 Refillable Dispensers, Matte Finish, Writable, 3/4″ x 650″, Transparent Tape, Clear Tape for Gift Wrapping Paper, School Supplies</p><p> -15% 0FF </p><p>$5.94 ($0.99 / Count)</p><a href="https://www.amazon.com/dp/B0DQHV6X92?tag=eloabder-20&linkCode=osi&th=1&psc=1">View Product</a></div><div class="product"><a href="https://www.amazon.com/dp/B07CB6LN5S?tag=eloabder-20&linkCode=osi&th=1&psc=1"><img src="https://m.media-amazon.com/images/I/41NNyeISnjL._SL500_.jpg" alt="Product Image"></a><p>Scotch Super-Hold Tape, 2 Rolls, Transparent Finish, 50% More Adhesive, Trusted Favorite, 3/4 x 600 Inches, Dispensered (198DM-2)</p><p> -30% 0FF </p><p>$5.97</p><a href="https://www.amazon.com/dp/B07CB6LN5S?tag=eloabder-20&linkCode=osi&th=1&psc=1">View Product</a></div><div class="product"><a href="https://www.amazon.com/dp/B00464740A?tag=eloabder-20&linkCode=osi&th=1&psc=1"><img src="https://m.media-amazon.com/images/I/51ZPFoiGfuL._SL500_.jpg" alt="Product Image"></a><p>Scotch Sure Start Shipping Packaging Tape, 1.88" x 22.2 yd, Designed for Packing, Shipping and Mailing, Quiet Unwind, No Splitting or Tearing, 1.5" Core, Clear, 6 Dispensered Rolls (145-6)</p><p> -28% 0FF </p><p>$13.48</p><a href="https://www.amazon.com/dp/B00464740A?tag=eloabder-20&linkCode=osi&th=1&psc=1">View Product</a></div><div class="product"><a href="https://www.amazon.com/dp/B09C6LLG9P?tag=eloabder-20&linkCode=osi&th=1&psc=1"><img src="https://m.media-amazon.com/images/I/41rbv66ZNBL._SL500_.jpg" alt="Product Image"></a><p>Scotch Box Lock Packaging Tape, 1 Roll with Dispenser, 1.88 in x 1000 in, Extreme Grip, Sticks Instantly to Any Box (195L)</p><p> -31% 0FF </p><p>$4.12</p><a href="https://www.amazon.com/dp/B09C6LLG9P?tag=eloabder-20&linkCode=osi&th=1&psc=1">View Product</a></div>
<div class="product"><a href="https://www.amazon.com/dp/B08QQZ71CV?tag=eloabder-20&linkCode=osi&th=1&psc=1"><img src="https://m.media-amazon.com/images/I/51Foz0aGYoS._SL500_.jpg" alt="Product Image"></a><p>Gorilla Super Glue, Clear Glue, Four 3 Gram Tubes (Pack of 1) - All Purpose and Fast Setting for Projects and Repairs</p><p> -25% 0FF </p><p>$9.49 ($22.60 / Ounce)</p><a href="https://www.amazon.com/dp/B08QQZ71CV?tag=eloabder-20&linkCode=osi&th=1&psc=1">View Product</a></div><div class="product"><a href="https://www.amazon.com/dp/B07J6R3GK7?tag=eloabder-20&linkCode=osi&th=1&psc=1"><img src="https://m.media-amazon.com/images/I/31kdOjGBkpL._SL500_.jpg" alt="Product Image"></a><p>Amazon Basics All Purpose Washable School Clear Liquid Glue - Great for Making Slime, 128 fl oz</p><p> -6% 0FF </p><p>$16.13</p><a href="https://www.amazon.com/dp/B07J6R3GK7?tag=eloabder-20&linkCode=osi&th=1&psc=1">View Product</a></div><div class="product"><a href="https://www.amazon.com/dp/B00178QQJ8?tag=eloabder-20&linkCode=osi&th=1&psc=1"><img src="https://m.media-amazon.com/images/I/41zs6k410RL._SL500_.jpg" alt="Product Image"></a><p>Mod Podge Gloss Sealer, Glue & Finish: All-in-One Craft Solution- Quick Dry, Easy Clean, for Wood, Paper, Fabric & More. Non-Toxic - Craft with Confidence, Made in USA, 16 oz., Pack of 1</p><p> -36% 0FF </p><p>$7.99 ($0.50 / Fl Oz)</p><a href="https://www.amazon.com/dp/B00178QQJ8?tag=eloabder-20&linkCode=osi&th=1&psc=1">View Product</a></div><div class="product"><a href="https://www.amazon.com/dp/B073V14DZJ?tag=eloabder-20&linkCode=osi&th=1&psc=1"><img src="https://m.media-amazon.com/images/I/31Iyy5+vk6L._SL500_.jpg" alt="Product Image"></a><p>Amazon Basics All Purpose Washable School Craft Liquid Glue for Making Slime, White, Single Pack, 1 Gallon</p><p> -7% 0FF </p><p>$15.54</p><a href="https://www.amazon.com/dp/B073V14DZJ?tag=eloabder-20&linkCode=osi&th=1&psc=1">View Product</a></div><div class="product"><a href="https://www.amazon.com/dp/B0006HUJCQ?tag=eloabder-20&linkCode=osi&th=1&psc=1"><img src="https://m.media-amazon.com/images/I/511pTqChTCL._SL500_.jpg" alt="Product Image"></a><p>Loctite Super Glue Gel Control, Clear, 0.14 fl oz Bottle, 1 Pack - Superglue for Plastic, Wood, Metal, Crafts & Repair, Cyanoacrylate Adhesive Instant Glue, Quick Dry</p><p> -13% 0FF </p><p>$3.64 ($26.00 / Fl Oz)</p><a href="https://www.amazon.com/dp/B0006HUJCQ?tag=eloabder-20&linkCode=osi&th=1&psc=1">View Product</a></div>
<div class="product"><a href="https://www.amazon.com/dp/B074XTRX7K?tag=eloabder-20&linkCode=osi&th=1&psc=1"><img src="https://m.media-amazon.com/images/I/31rOPIrMfDL._SL500_.jpg" alt="Product Image"></a><p>Amazon Basics Sturdy Binder Clips for Office Use, 96 Count (8 Pack of 12), Medium, 1.25 in, Black</p><p> -26% 0FF </p><p>$7.48</p><a href="https://www.amazon.com/dp/B074XTRX7K?tag=eloabder-20&linkCode=osi&th=1&psc=1">View Product</a></div><div class="product"><a href="https://www.amazon.com/dp/B00TQ8FDB8?tag=eloabder-20&linkCode=osi&th=1&psc=1"><img src="https://m.media-amazon.com/images/I/51y7lUrMLnL._SL500_.jpg" alt="Product Image"></a><p>ACCO Binder Clips, Medium, Black, 12 per Box, 2 Boxes (72062)</p><p> -25% 0FF </p><p>$5.96</p><a href="https://www.amazon.com/dp/B00TQ8FDB8?tag=eloabder-20&linkCode=osi&th=1&psc=1">View Product</a></div><div class="product"><a href="https://www.amazon.com/dp/B08KWCDP3C?tag=eloabder-20&linkCode=osi&th=1&psc=1"><img src="https://m.media-amazon.com/images/I/41qucDz6HuL._SL500_.jpg" alt="Product Image"></a><p>Ufmarine Medium Binder Clips 1.25 inch Length, (40 Pcs) Colorful Paper Clips Medium for Office</p><p> -12% 0FF </p><p>$5.99</p><a href="https://www.amazon.com/dp/B08KWCDP3C?tag=eloabder-20&linkCode=osi&th=1&psc=1">View Product</a></div>
<div class="product"><a href="https://www.amazon.com/dp/B09XQLJFDD?tag=eloabder-20&linkCode=osi&th=1&psc=1"><img src="https://m.media-amazon.com/images/I/41iiSFMy4uL._SL500_.jpg" alt="Product Image"></a><p>PAPERPAL Paperclips for Office School & Personal Use, #1 Nonskid Paper Clip (1-2/7"), 600 Medium Paper Clips (6 Boxes of 100 Each), Silver</p><p> -20% 0FF </p><p>$7.99</p><a href="https://www.amazon.com/dp/B09XQLJFDD?tag=eloabder-20&linkCode=osi&th=1&psc=1">View Product</a></div>

<div class="product"><a href="https://www.amazon.com/dp/B004I2G8NO?tag=eloabder-20&linkCode=osi&th=1&psc=1"><img src="https://m.media-amazon.com/images/I/51WEsLRINGL._SL500_.jpg" alt="Product Image"></a><p>Business Source Rubber Band, Natural (1914LB)</p><p> -26% 0FF </p><p>$4.00</p><a href="https://www.amazon.com/dp/B004I2G8NO?tag=eloabder-20&linkCode=osi&th=1&psc=1">View Product</a></div><div class="product"><a href="https://www.amazon.com/dp/B077GDY1LP?tag=eloabder-20&linkCode=osi&th=1&psc=1"><img src="https://m.media-amazon.com/images/I/41nn0nmNTiL._SL500_.jpg" alt="Product Image"></a><p>ANNIE 1000 RUBBER BANDS 1/2" #BLACK</p><p> -7% 0FF </p><p>$4.90 ($1.22 / Count)</p><a href="https://www.amazon.com/dp/B077GDY1LP?tag=eloabder-20&linkCode=osi&th=1&psc=1">View Product</a></div><div class="product"><a href="https://www.amazon.com/dp/B000783OPI?tag=eloabder-20&linkCode=osi&th=1&psc=1"><img src="https://m.media-amazon.com/images/I/510okXKzMqL._SL500_.jpg" alt="Product Image"></a><p>Universal 00419 19-Size Rubber Bands (335 Per Pack), Beige</p><p> -29% 0FF </p><p>$3.44</p><a href="https://www.amazon.com/dp/B000783OPI?tag=eloabder-20&linkCode=osi&th=1&psc=1">View Product</a></div><div class="product"><a href="https://www.amazon.com/dp/B00006IBRU?tag=eloabder-20&linkCode=osi&th=1&psc=1"><img src="https://m.media-amazon.com/images/I/51pU5khkX8L._SL500_.jpg" alt="Product Image"></a><p>ALL26335 - Alliance Rubber 26335 Advantage Rubber Bands - Size #33, Natural, 1 Pound 3 x 1/8 inches</p><p> -62% 0FF </p><p>$3.29</p><a href="https://www.amazon.com/dp/B00006IBRU?tag=eloabder-20&linkCode=osi&th=1&psc=1">View Product</a></div>
<div class="product"><a href="https://www.amazon.com/dp/B0DSKTZBB6?tag=eloabder-20&linkCode=osi&th=1&psc=1"><img src="https://m.media-amazon.com/images/I/415YD3kNFlL._SL500_.jpg" alt="Product Image"></a><p>300 Count Colored Index Cards 3 x 5 Inch Ruled Index Cards, Flash Cards College Ruled for School, College, Office and Home Organization, Durable Study To Do List Note Cards with Ruled Lines</p><p> -10% 0FF </p><p>$6.29</p><a href="https://www.amazon.com/dp/B0DSKTZBB6?tag=eloabder-20&linkCode=osi&th=1&psc=1">View Product</a></div><div class="product"><a href="https://www.amazon.com/dp/B09JYQZQ3V?tag=eloabder-20&linkCode=osi&th=1&psc=1"><img src="https://m.media-amazon.com/images/I/41y5vfnutuL._SL500_.jpg" alt="Product Image"></a><p>Oxford Index Cards, 3 x 5 Inches, White, Lined on Front, Blank on Back, Flashcards for School and Studying, Recipe Note Cards, 500 Count (5 Packs of 100) (40176)</p><p> -22% 0FF </p><p>$7.01</p><a href="https://www.amazon.com/dp/B09JYQZQ3V?tag=eloabder-20&linkCode=osi&th=1&psc=1">View Product</a></div>
<div class="product"><a href="https://www.amazon.com/dp/B00P9U2EM8?tag=eloabder-20&linkCode=osi&th=1&psc=1"><img src="https://m.media-amazon.com/images/I/41Op5kyIukL._SL500_.jpg" alt="Product Image"></a><p>Mead Spiral Notebook, 6 Pack, 1 Subject, College Ruled Paper, 7-1/2" x 10-1/2", 70 Sheets per Notebook, Colors Will Vary (830062-ECM25)</p><p> -46% 0FF </p><p>$6.71</p><a href="https://www.amazon.com/dp/B00P9U2EM8?tag=eloabder-20&linkCode=osi&th=1&psc=1">View Product</a></div><div class="product"><a href="https://www.amazon.com/dp/B0CQN8FVJX?tag=eloabder-20&linkCode=osi&th=1&psc=1"><img src="https://m.media-amazon.com/images/I/414WVVoGFPL._SL500_.jpg" alt="Product Image"></a><p>SUNEE Spiral Notebooks, 1-Subject, 5 Pack, College Ruled Paper, 8" x 10-1/2", 70 Sheets per Notebook,3-Hole Punched Paper, Pink,Purple, Blue, Green, Yellow Spiral Lined Notebooks for School,Work</p><p> -29% 0FF </p><p>$9.99</p><a href="https://www.amazon.com/dp/B0CQN8FVJX?tag=eloabder-20&linkCode=osi&th=1&psc=1">View Product</a></div><div class="product"><a href="https://www.amazon.com/dp/B08NYRMWZ8?tag=eloabder-20&linkCode=osi&th=1&psc=1"><img src="https://m.media-amazon.com/images/I/41y1cnNXtOL._SL500_.jpg" alt="Product Image"></a><p>Yansanido Spiral Notebook, 4 Pcs 8.3 Inch x 5.9 Inch A5 Thick Plastic Hardcover 8mm Ruled 4 Color 80 Sheets -160 Pages Journals for Study and Notes (style 10-Wine Red,Brown,Green,ivory, A5)</p><p> -23% 0FF </p><p>$9.99</p><a href="https://www.amazon.com/dp/B08NYRMWZ8?tag=eloabder-20&linkCode=osi&th=1&psc=1">View Product</a></div><div class="product"><a href="https://www.amazon.com/dp/B08VF9VYLZ?tag=eloabder-20&linkCode=osi&th=1&psc=1"><img src="https://m.media-amazon.com/images/I/41ktUSmtHAL._SL500_.jpg" alt="Product Image"></a><p>Oxford Spiral Notebooks, 6 Pack, 1 Subject, Wide Ruled Notebooks for School, 8 x 10.5 Inches, 70 Sheets, Assorted Pastel Colors, Back to School Supplies (63757)</p><p> -6% 0FF </p><p>$8.99</p><a href="https://www.amazon.com/dp/B08VF9VYLZ?tag=eloabder-20&linkCode=osi&th=1&psc=1">View Product</a></div>
<div class="product"><a href="https://www.amazon.com/dp/B0FDRCSXZH?tag=eloabder-20&linkCode=osi&th=1&psc=1"><img src="https://m.media-amazon.com/images/I/41rYztS-0zL._SL500_.jpg" alt="Product Image"></a><p>5pcs Small Note Pads, Color Notepads 5x8 College Ruled Notebook, Writing Pads 5 x 8, Legal Pads, Memo Pad Paper Perforate Narrow Ruled Notebooks for Work, School, Office Supplies,30 Sheets/Pack</p><p> -14% 0FF </p><p>$5.99</p><a href="https://www.amazon.com/dp/B0FDRCSXZH?tag=eloabder-20&linkCode=osi&th=1&psc=1">View Product</a></div><div class="product"><a href="https://www.amazon.com/dp/B0BZQNCV62?tag=eloabder-20&linkCode=osi&th=1&psc=1"><img src="https://m.media-amazon.com/images/I/41yNqvqCwoL._SL500_.jpg" alt="Product Image"></a><p>Alitte Legal Notepads 8.5 x 11, Pack of 12 - Perforated Wide Ruled Writing Pad - Premium Thick Paper, No Ink Bleeding - Blank Legal Pads For Home, Office, School, Business - 50 Sheets Per Notebook</p><p> -17% 0FF </p><p>$24.99</p><a href="https://www.amazon.com/dp/B0BZQNCV62?tag=eloabder-20&linkCode=osi&th=1&psc=1">View Product</a></div>
<div class="product"><a href="https://www.amazon.com/dp/B0C7S1PCX4?tag=eloabder-20&linkCode=osi&th=1&psc=1"><img src="https://m.media-amazon.com/images/I/41nVRBg2klL._SL500_.jpg" alt="Product Image"></a><p>Oxford 8.5 x 11 Legal Pads, 12 Pack, Wide Ruled, Yellow Paper, 50 Sheets Per Writing Pad, Made in the USA (74020)</p><p> -30% 0FF </p><p>$12.60</p><a href="https://www.amazon.com/dp/B0C7S1PCX4?tag=eloabder-20&linkCode=osi&th=1&psc=1">View Product</a></div><div class="product"><a href="https://www.amazon.com/dp/B0CGF22134?tag=eloabder-20&linkCode=osi&th=1&psc=1"><img src="https://m.media-amazon.com/images/I/41FzLgeXAyL._SL500_.jpg" alt="Product Image"></a><p>MSKKSM Legal Pads 8.5 x 11, 3 Pack Yellow Note Pads 8.5 x 11 Writing Pads, Wide Ruled Legal Notepads, Lined Pads of Paper Yellow Paper Pads, 30 Sheets Per Notepad for School, Home, Office, Business</p><p> -17% 0FF </p><p>$9.99</p><a href="https://www.amazon.com/dp/B0CGF22134?tag=eloabder-20&linkCode=osi&th=1&psc=1">View Product</a></div><div class="product"><a href="https://www.amazon.com/dp/B0FCMWHFC2?tag=eloabder-20&linkCode=osi&th=1&psc=1"><img src="https://m.media-amazon.com/images/I/41MMVFB-S4L._SL500_.jpg" alt="Product Image"></a><p>5pcs Legal Pads 8.5 x 11, Notepads 8.5 x 11 Inch, Color Note Pads Clear Print Writing Pads of Paper, Memo Pads , Perforate Legal Notepads Paper , Wide Ruled Lined with Sturdy Back,30 Sheets/Pack</p><p> -8% 0FF </p><p>$11.99</p><a href="https://www.amazon.com/dp/B0FCMWHFC2?tag=eloabder-20&linkCode=osi&th=1&psc=1">View Product</a></div>
<div class="product"><a href="https://www.amazon.com/dp/B08H593JZG?tag=eloabder-20&linkCode=osi&th=1&psc=1"><img src="https://m.media-amazon.com/images/I/415Ykzo-lyL._SL500_.jpg" alt="Product Image"></a><p>Eastern Wolf 8 Pads Sticky Notes 3x3 Self-Stick Notes 8 Bright Multi Colors Purple Sticky Notes, 85 Sheet/Pad</p><p> -20% 0FF </p><p>$5.59</p><a href="https://www.amazon.com/dp/B08H593JZG?tag=eloabder-20&linkCode=osi&th=1&psc=1">View Product</a></div><div class="product"><a href="https://www.amazon.com/dp/B0BPJW13CM?tag=eloabder-20&linkCode=osi&th=1&psc=1"><img src="https://m.media-amazon.com/images/I/41uKwTyz1rL._SL500_.jpg" alt="Product Image"></a><p>Post-it 100% Recycled Paper Super Sticky Notes, 2X The Sticking Power, 3x3 in, 5 Pads, 70 Sheets/Pad, Wanderlust Pastels Collection (654R-5SSNRP)</p><p> -33% 0FF </p><p>$5.98</p><a href="https://www.amazon.com/dp/B0BPJW13CM?tag=eloabder-20&linkCode=osi&th=1&psc=1">View Product</a></div><div class="product"><a href="https://www.amazon.com/dp/B0D6RPPK9H?tag=eloabder-20&linkCode=osi&th=1&psc=1"><img src="https://m.media-amazon.com/images/I/41O8zZ-RN4L._SL500_.jpg" alt="Product Image"></a><p>(18 Pads) Sticky Notes 3x3 inch, Self-Stick Pads Bright Colors Sticky Note, Recyclable, Easy to Post for Home, Office, Notebook</p><p> -40% 0FF </p><p>$8.39</p><a href="https://www.amazon.com/dp/B0D6RPPK9H?tag=eloabder-20&linkCode=osi&th=1&psc=1">View Product</a></div><div class="product"><a href="https://www.amazon.com/dp/B0CMGJ6FRB?tag=eloabder-20&linkCode=osi&th=1&psc=1"><img src="https://m.media-amazon.com/images/I/41xF9DqIGZL._SL500_.jpg" alt="Product Image"></a><p>Sticky Notes, 12 Pads, 3x3 inches, Soft Pastel Self-Stick Note Pads, Perfect for Office, Study, and Daily Life Organization - Soft Pastel</p><p> -16% 0FF </p><p>$5.06</p><a href="https://www.amazon.com/dp/B0CMGJ6FRB?tag=eloabder-20&linkCode=osi&th=1&psc=1">View Product</a></div>
<div class="product"><a href="https://www.amazon.com/dp/B07VRYX57R?tag=eloabder-20&linkCode=osi&th=1&psc=1"><img src="https://m.media-amazon.com/images/I/410XbLRqukL._SL500_.jpg" alt="Product Image"></a><p>(24 Pack) Sticky Notes 3x3 in Post Bright Stickies Colorful Super Sticking Power Memo Pads, Strong Adhesive, 74 Sheets/pad</p><p> -35% 0FF </p><p>$16.99</p><a href="https://www.amazon.com/dp/B07VRYX57R?tag=eloabder-20&linkCode=osi&th=1&psc=1">View Product</a></div><div class="product"><a href="https://www.amazon.com/dp/B00QSR9PRI?tag=eloabder-20&linkCode=osi&th=1&psc=1"><img src="https://m.media-amazon.com/images/I/31n-YNlgraL._SL500_.jpg" alt="Product Image"></a><p>Amazon Basics Narrow Ruled Lined Writing Note Pad, 5 inch x 8 inch, White, 12 Count (12 Pack of 50 pages)</p><p> -6% 0FF </p><p>$8.78</p><a href="https://www.amazon.com/dp/B00QSR9PRI?tag=eloabder-20&linkCode=osi&th=1&psc=1">View Product</a></div><div class="product"><a href="https://www.amazon.com/dp/B0D5M4D3NN?tag=eloabder-20&linkCode=osi&th=1&psc=1"><img src="https://m.media-amazon.com/images/I/41uzPvHBCDL._SL500_.jpg" alt="Product Image"></a><p>(12 Pack) Lined Sticky Notes 4x6 in Ruled Stickies Super Sticking Power Memo Pads Bright Colors</p><p> -40% 0FF </p><p>$8.98</p><a href="https://www.amazon.com/dp/B0D5M4D3NN?tag=eloabder-20&linkCode=osi&th=1&psc=1">View Product</a></div><div class="product"><a href="https://www.amazon.com/dp/B0CQK3M5VK?tag=eloabder-20&linkCode=osi&th=1&psc=1"><img src="https://m.media-amazon.com/images/I/31jKEzc1qFL._SL500_.jpg" alt="Product Image"></a><p>Note Pads 4x6 Inch, 6 Pack Blank Scratch Pads, 50 Sheets Per Memo Pad for Writing, White Pad of Paper Suit for Home, Office and School, Tear off Notepad, Small Server Notebook</p><p> -10% 0FF </p><p>$6.29</p><a href="https://www.amazon.com/dp/B0CQK3M5VK?tag=eloabder-20&linkCode=osi&th=1&psc=1">View Product</a></div>
<div class="product"><a href="https://www.amazon.com/dp/B0F5D4VNBX?tag=eloabder-20&linkCode=osi&th=1&psc=1"><img src="https://m.media-amazon.com/images/I/41SnXbixNcL._SL500_.jpg" alt="Product Image"></a><p>Blue Sky 2026 Weekly and Monthly Planner Calendar, Includes January 2026 - December 2026, 5" x 8", Flexible Cover, Wirebound, Laminated Tabs, Enterprise</p><p> -10% 0FF </p><p>$8.99</p><a href="https://www.amazon.com/dp/B0F5D4VNBX?tag=eloabder-20&linkCode=osi&th=1&psc=1">View Product</a></div><div class="product"><a href="https://www.amazon.com/dp/B0FRNQDRCR?tag=eloabder-20&linkCode=osi&th=1&psc=1"><img src="https://m.media-amazon.com/images/I/51rBf1oJchL._SL500_.jpg" alt="Product Image"></a><p>Essential PRO 2026 Daily, Weekly & Monthly Planner, 7"x9": 14 Months (Nov 2025 - Dec 2026) Monthly Tabs,Daily Tracking,Notes Pages,Storage Pocket,Bookmark w Sticky Notes (Tree Seasons)</p><p> -14% 0FF </p><p>$29.95</p><a href="https://www.amazon.com/dp/B0FRNQDRCR?tag=eloabder-20&linkCode=osi&th=1&psc=1">View Product</a></div><div class="product"><a href="https://www.amazon.com/dp/B0DYBQWJ5S?tag=eloabder-20&linkCode=osi&th=1&psc=1"><img src="https://m.media-amazon.com/images/I/41UP6Ui7BjL._SL500_.jpg" alt="Product Image"></a><p>AT-A-GLANCE 2026 Appointment Book Planner, Weekly, 8" x 11", Large, Quarter-Hourly, DayMinder, Black (G5200026)</p><p> -45% 0FF </p><p>$15.87</p><a href="https://www.amazon.com/dp/B0DYBQWJ5S?tag=eloabder-20&linkCode=osi&th=1&psc=1">View Product</a></div><div class="product"><a href="https://www.amazon.com/dp/B0DJ8SXCR4?tag=eloabder-20&linkCode=osi&th=1&psc=1"><img src="https://m.media-amazon.com/images/I/41sRmmLvCsL._SL500_.jpg" alt="Product Image"></a><p>Planner 2025-2026, Weekly and Monthly Calendar Academic Planner (July 2025 - June 2026), Hardcover Teacher School Student Agenda with Tabs, Ideal for School Office Supplies, A5 (6.3" x 8.5") - Green</p><p> -25% 0FF </p><p>$8.99</p><a href="https://www.amazon.com/dp/B0DJ8SXCR4?tag=eloabder-20&linkCode=osi&th=1&psc=1">View Product</a></div><div class="product"><a href="https://www.amazon.com/dp/B0D2VW43KP?tag=eloabder-20&linkCode=osi&th=1&psc=1"><img src="https://m.media-amazon.com/images/I/41eyA1Q1U4L._SL500_.jpg" alt="Product Image"></a><p>Forvencer 2026 Planner, Hardcover Calendar Planner Weekly and Monthly, January 2026 - December 2026, 8.5" x 11", Spiral Agenda Book with Tabs, Exquisite Daily Journal with Inner Pocket, Organizer Notebook for Office Home School, A4 Size, Green</p><p> -41% 0FF </p><p>$9.99</p><a href="https://www.amazon.com/dp/B0D2VW43KP?tag=eloabder-20&linkCode=osi&th=1&psc=1">View Product</a></div>
<div class="product"><a href="https://www.amazon.com/dp/B0DYBYRY3R?tag=eloabder-20&linkCode=osi&th=1&psc=1"><img src="https://m.media-amazon.com/images/I/41oxPcKnCuL._SL500_.jpg" alt="Product Image"></a><p>AT-A-GLANCE 2026 Desk Calendar, Monthly, Desk Pad, 21-3/4" x 17", Large, Ruled Blocks (SK240026)</p><p> -19% 0FF </p><p>$11.89</p><a href="https://www.amazon.com/dp/B0DYBYRY3R?tag=eloabder-20&linkCode=osi&th=1&psc=1">View Product</a></div><div class="product"><a href="https://www.amazon.com/dp/B0DXQ416QR?tag=eloabder-20&linkCode=osi&th=1&psc=1"><img src="https://m.media-amazon.com/images/I/41o3YUjfIVL._SL500_.jpg" alt="Product Image"></a><p>Aesthetic 2025-2026 Wall Calendar - Runs from May 2025 Until December 2026 - The Perfect Modern Calendar Planner for Easy Organizing</p><p> -43% 0FF </p><p>$3.99</p><a href="https://www.amazon.com/dp/B0DXQ416QR?tag=eloabder-20&linkCode=osi&th=1&psc=1">View Product</a></div><div class="product"><a href="https://www.amazon.com/dp/B0CCRXKSK8?tag=eloabder-20&linkCode=osi&th=1&psc=1"><img src="https://m.media-amazon.com/images/I/51eOdkimr+L._SL500_.jpg" alt="Product Image"></a><p>SUNEE Wall Calendar 2025-2026 Large 22.75"x15.5", 21 Month Calendar from October 2025 to June 2027, Vertical Extra Large Monthly Calendar 2026 for Wall, Seasons Color</p><p> -24% 0FF </p><p>$15.19</p><a href="https://www.amazon.com/dp/B0CCRXKSK8?tag=eloabder-20&linkCode=osi&th=1&psc=1">View Product</a></div><div class="product"><a href="https://www.amazon.com/dp/B0F7HZ7C9G?tag=eloabder-20&linkCode=osi&th=1&psc=1"><img src="https://m.media-amazon.com/images/I/41rkKO18HGL._SL500_.jpg" alt="Product Image"></a><p>Beautiful 2025-2026 Wall Calendar - Runs from July 2025 until December 2026 – Large 14.5" x 11.5" Office Wall Calendar for Easy Organizing</p><p> -10% 0FF </p><p>$8.99</p><a href="https://www.amazon.com/dp/B0F7HZ7C9G?tag=eloabder-20&linkCode=osi&th=1&psc=1">View Product</a></div><div class="product"><a href="https://www.amazon.com/dp/B0DYDC7ZLV?tag=eloabder-20&linkCode=osi&th=1&psc=1"><img src="https://m.media-amazon.com/images/I/51MOLWJ45HL._SL500_.jpg" alt="Product Image"></a><p>XISIDO 2025-2026 Wall Calendar, Calendar 2025-2026, 18 Month Calendar July 2025 - December 2026, 14.8" X 11.5", Calendar with Twin-Wire Binding, Hanging Hook and Julian Dates (Seasonal Designs)</p><p> -20% 0FF </p><p>$7.99</p><a href="https://www.amazon.com/dp/B0DYDC7ZLV?tag=eloabder-20&linkCode=osi&th=1&psc=1">View Product</a></div><div class="product"><a href="https://www.amazon.com/dp/B0D2KCVBBD?tag=eloabder-20&linkCode=osi&th=1&psc=1"><img src="https://m.media-amazon.com/images/I/51Eg-3ZKZxL._SL500_.jpg" alt="Product Image"></a><p>XISIDO Calendar 2025-2026, 18 Months Wall Calendar July 2025 to Dec 2026 Calendar with Julian Dates, 11" X 8.5" (Colorful)</p><p> -33% 0FF </p><p>$3.99</p><a href="https://www.amazon.com/dp/B0D2KCVBBD?tag=eloabder-20&linkCode=osi&th=1&psc=1">View Product</a></div><div class="product"><a href="https://www.amazon.com/dp/B0DY7R9226?tag=eloabder-20&linkCode=osi&th=1&psc=1"><img src="https://m.media-amazon.com/images/I/41eTUjCfzFL._SL500_.jpg" alt="Product Image"></a><p>Lbylyhxc Wall Calendar 2025-2026 - Runs from July 2025 to December 2026-18 Monthly Calendar 2026. Thick Paper includes major holidays and dedicated space for notes and important dates (Colorful Calendar 2025-2026)</p><p> -50% 0FF </p><p>$2.49</p><a href="https://www.amazon.com/dp/B0DY7R9226?tag=eloabder-20&linkCode=osi&th=1&psc=1">View Product</a></div>
<div class="product"><a href="https://www.amazon.com/dp/B00NI5LVAW?tag=eloabder-20&linkCode=osi&th=1&psc=1"><img src="https://m.media-amazon.com/images/I/31X0RgqQ1ML._SL500_.jpg" alt="Product Image"></a><p>Pendaflex File Folders, Letter Size, 1/3 Cut, Manila, 250 per Box (752250)</p><p> -11% 0FF </p><p>$26.50</p><a href="https://www.amazon.com/dp/B00NI5LVAW?tag=eloabder-20&linkCode=osi&th=1&psc=1">View Product</a></div><div class="product"><a href="https://www.amazon.com/dp/B0D1YBFHS8?tag=eloabder-20&linkCode=osi&th=1&psc=1"><img src="https://m.media-amazon.com/images/I/41qkHxiS+vL._SL500_.jpg" alt="Product Image"></a><p>SUNEE File Folders, 30 Pack Manilla Folders 8.5 x 11, Colored File Folders Home Office School Supplies for Documents Files Paper, 6 Assorted Colors</p><p> -26% 0FF </p><p>$9.99</p><a href="https://www.amazon.com/dp/B0D1YBFHS8?tag=eloabder-20&linkCode=osi&th=1&psc=1">View Product</a></div><div class="product"><a href="https://www.amazon.com/dp/B000DZ9XGO?tag=eloabder-20&linkCode=osi&th=1&psc=1"><img src="https://m.media-amazon.com/images/I/31WKzTB-4WL._SL500_.jpg" alt="Product Image"></a><p>Oxford Two-Pocket Folders, Assorted Colors, Letter Size, 25 per box (57513)</p><p> -32% 0FF </p><p>$12.23</p><a href="https://www.amazon.com/dp/B000DZ9XGO?tag=eloabder-20&linkCode=osi&th=1&psc=1">View Product</a></div><div class="product"><a href="https://www.amazon.com/dp/B0F8H75MLS?tag=eloabder-20&linkCode=osi&th=1&psc=1"><img src="https://m.media-amazon.com/images/I/41GV18+8+zL._SL500_.jpg" alt="Product Image"></a><p>Plastic Folders with Pockets, 6 Pack Document Folders with Business Card Slot, 2 Pocket Folders Back to School Supplies for Kids, Office</p><p> -33% 0FF </p><p>$5.99</p><a href="https://www.amazon.com/dp/B0F8H75MLS?tag=eloabder-20&linkCode=osi&th=1&psc=1">View Product</a></div><div class="product"><a href="https://www.amazon.com/dp/B0CPDTKFVF?tag=eloabder-20&linkCode=osi&th=1&psc=1"><img src="https://m.media-amazon.com/images/I/41PQ8ToLyhL._SL500_.jpg" alt="Product Image"></a><p>Aegero Plastic Folders with Pockets (7 Pack, Assorted Colors), Durable Heavy Duty File Folders with Business Card Slot, 2-Pocket Folder for Schoolwork & Office,Letter Size…</p><p> -11% 0FF </p><p>$7.99</p><a href="https://www.amazon.com/dp/B0CPDTKFVF?tag=eloabder-20&linkCode=osi&th=1&psc=1">View Product</a></div>
<div class="product"><a href="https://www.amazon.com/dp/B0CSPT4RFH?tag=eloabder-20&linkCode=osi&th=1&psc=1"><img src="https://m.media-amazon.com/images/I/31O8kdFg7FL._SL500_.jpg" alt="Product Image"></a><p>Two Tone Color File Folders 8.5 x 11 Inch, 1/3 Cut Tab File Folders Letter Size, Assorted Colors, Blue Red Green Yellow Orange Manila File Folders, School Business Office Folders for Document -15 Pack</p><p> -13% 0FF </p><p>$6.99</p><a href="https://www.amazon.com/dp/B0CSPT4RFH?tag=eloabder-20&linkCode=osi&th=1&psc=1">View Product</a></div><div class="product"><a href="https://www.amazon.com/dp/B01MXC0YS5?tag=eloabder-20&linkCode=osi&th=1&psc=1"><img src="https://m.media-amazon.com/images/I/41YLerNwKTL._SL500_.jpg" alt="Product Image"></a><p>Pendaflex Hanging File Folders, Letter Size, Assorted Colors, 1/5-Cut Adjustable Tabs, 25 Per Box (81663)</p><p> -7% 0FF </p><p>$13.99</p><a href="https://www.amazon.com/dp/B01MXC0YS5?tag=eloabder-20&linkCode=osi&th=1&psc=1">View Product</a></div><div class="product"><a href="https://www.amazon.com/dp/B0896Q5MMC?tag=eloabder-20&linkCode=osi&th=1&psc=1"><img src="https://m.media-amazon.com/images/I/41jDOLSqtWL._SL500_.jpg" alt="Product Image"></a><p>Pendaflex Two Tone Color File Folders, Letter Size, Assorted Colors (Teal, Violet, Gray, Navy and Burgundy), 1/3-Cut Tabs, 5 Color, 100/Box, (02315)</p><p> -27% 0FF </p><p>$13.89</p><a href="https://www.amazon.com/dp/B0896Q5MMC?tag=eloabder-20&linkCode=osi&th=1&psc=1">View Product</a></div><div class="product"><a href="https://www.amazon.com/dp/B0D1YCC6KK?tag=eloabder-20&linkCode=osi&th=1&psc=1"><img src="https://m.media-amazon.com/images/I/31aHHvZVc+L._SL500_.jpg" alt="Product Image"></a><p>SUNEE File Folders, 30 Pack Manilla Folders 8.5 x 11, Colored File Folders Home Office School Supplies for Documents Files Paper,6 Pastel Colors</p><p> -26% 0FF </p><p>$9.99</p><a href="https://www.amazon.com/dp/B0D1YCC6KK?tag=eloabder-20&linkCode=osi&th=1&psc=1">View Product</a></div>
<div class="product"><a href="https://www.amazon.com/dp/B0FGXLHFDD?tag=eloabder-20&linkCode=osi&th=1&psc=1"><img src="https://m.media-amazon.com/images/I/414ng1TKsOL._SL500_.jpg" alt="Product Image"></a><p>Trandraft Plastic Extra Capacity Hanging File Folders, 5 Inch Expanding Pocket with Movable Dividers, Letter Size Black File Folders with Insertable Tabs for Filing Cabine</p><p> -5% 0FF </p><p>$18.99</p><a href="https://www.amazon.com/dp/B0FGXLHFDD?tag=eloabder-20&linkCode=osi&th=1&psc=1">View Product</a></div><div class="product"><a href="https://www.amazon.com/dp/B08QTW4GJT?tag=eloabder-20&linkCode=osi&th=1&psc=1"><img src="https://m.media-amazon.com/images/I/41OVgNttdnL._SL500_.jpg" alt="Product Image"></a><p>Pendaflex Reinforced Hanging Folders, Letter Size, Assorted Colors 1/5 Cut, Tabs and Inserts, 25 Per Box (41522AMZ)</p><p> -32% 0FF </p><p>$13.99</p><a href="https://www.amazon.com/dp/B08QTW4GJT?tag=eloabder-20&linkCode=osi&th=1&psc=1">View Product</a></div><div class="product"><a href="https://www.amazon.com/dp/B07Y67ZCJS?tag=eloabder-20&linkCode=osi&th=1&psc=1"><img src="https://m.media-amazon.com/images/I/51g37Wkw2CL._SL500_.jpg" alt="Product Image"></a><p>EASEPRES 5 Pocket Mesh Hanging Wall File Organizer, Wall Mounted Mail Paper Document Folder Holder, Clipboard Storage Organization Magazine Rack with Nametag Label for Office Home School, Black</p><p> -30% 0FF </p><p>$22.99</p><a href="https://www.amazon.com/dp/B07Y67ZCJS?tag=eloabder-20&linkCode=osi&th=1&psc=1">View Product</a></div><div class="product"><a href="https://www.amazon.com/dp/B0CGWNNBCV?tag=eloabder-20&linkCode=osi&th=1&psc=1"><img src="https://m.media-amazon.com/images/I/31SGzCfPDcL._SL500_.jpg" alt="Product Image"></a><p>SUNEE 25 Count Hanging File Folders, Pastel Colors, Hanging File Folders Letter Size, Hanging Folders with 1/5-cut Tabs, Designed for Bulky Files, Filing Cabinets, Medical Charts</p><p> -15% 0FF </p><p>$16.99</p><a href="https://www.amazon.com/dp/B0CGWNNBCV?tag=eloabder-20&linkCode=osi&th=1&psc=1">View Product</a></div><div class="product"><a href="https://www.amazon.com/dp/B00006IF4G?tag=eloabder-20&linkCode=osi&th=1&psc=1"><img src="https://m.media-amazon.com/images/I/31LuYqWSObL._SL500_.jpg" alt="Product Image"></a><p>Smead Standard Hanging File Folders, 25 Count, Assorted Primaries, 1/5-Cut Adjustable Tabs, Letter Size (64059)</p><p> -7% 0FF </p><p>$13.55</p><a href="https://www.amazon.com/dp/B00006IF4G?tag=eloabder-20&linkCode=osi&th=1&psc=1">View Product</a></div>
<div class="product"><a href="https://www.amazon.com/dp/B0C77GP9XB?tag=eloabder-20&linkCode=osi&th=1&psc=1"><img src="https://m.media-amazon.com/images/I/415Jszg3LKL._SL500_.jpg" alt="Product Image"></a><p>SKYDUE Expanding File Organizer with 8 Pockets, Accordion File Folders with Labels, Portable Document Paper Bill Receipt Organizer, Home College School Office Supplies, Letter Size, Blue</p><p> -13% 0FF </p><p>$6.98</p><a href="https://www.amazon.com/dp/B0C77GP9XB?tag=eloabder-20&linkCode=osi&th=1&psc=1">View Product</a></div><div class="product"><a href="https://www.amazon.com/dp/B0013CETUQ?tag=eloabder-20&linkCode=osi&th=1&psc=1"><img src="https://m.media-amazon.com/images/I/51GxTzd4XbL._SL500_.jpg" alt="Product Image"></a><p>Pendaflex R217DHD Heavy-Duty Expanding Open Top File, 31 Pockets, 1/3 Tab, Letter, Brown</p><p> -36% 0FF </p><p>$15.90</p><a href="https://www.amazon.com/dp/B0013CETUQ?tag=eloabder-20&linkCode=osi&th=1&psc=1">View Product</a></div><div class="product"><a href="https://www.amazon.com/dp/B000UHJCZC?tag=eloabder-20&linkCode=osi&th=1&psc=1"><img src="https://m.media-amazon.com/images/I/31bbG1gUU2L._SL500_.jpg" alt="Product Image"></a><p>Pendaflex Expanding File Pockets, Letter Size, Redrope, 3.5" Expansion, Reinforced with DuPont™ Tyvek® Material, Redrope, 25 per Box (1524E-OX)</p><p> -9% 0FF </p><p>$27.37</p><a href="https://www.amazon.com/dp/B000UHJCZC?tag=eloabder-20&linkCode=osi&th=1&psc=1">View Product</a></div><div class="product"><a href="https://www.amazon.com/dp/B000FD9YHM?tag=eloabder-20&linkCode=osi&th=1&psc=1"><img src="https://m.media-amazon.com/images/I/511Yz6zbRaL._SL500_.jpg" alt="Product Image"></a><p>Pendaflex Heavy Duty Expanding File with Extra-Thick Cover, Tyvek Reinforced Edges, 21 Pockets, A–Z Tabs, Elastic Cord Closure, Letter Size (R117ALHD),Brown</p><p> -14% 0FF </p><p>$14.99</p><a href="https://www.amazon.com/dp/B000FD9YHM?tag=eloabder-20&linkCode=osi&th=1&psc=1">View Product</a></div>
<div class="product"><a href="https://www.amazon.com/dp/B07GKPZDG4?tag=eloabder-20&linkCode=osi&th=1&psc=1"><img src="https://m.media-amazon.com/images/I/51sUuF8kU-L._SL500_.jpg" alt="Product Image"></a><p>Cardinal Economy 3 Ring Binder, 1.5 Inch, Presentation View, Black, Holds 350 Sheets, Nonstick, PVC Free, 4 Pack of Binders (79519)</p><p> -42% 0FF </p><p>$9.19</p><a href="https://www.amazon.com/dp/B07GKPZDG4?tag=eloabder-20&linkCode=osi&th=1&psc=1">View Product</a></div><div class="product"><a href="https://www.amazon.com/dp/B0BF57LL4V?tag=eloabder-20&linkCode=osi&th=1&psc=1"><img src="https://m.media-amazon.com/images/I/317fBolZ+4L._SL500_.jpg" alt="Product Image"></a><p>1-inch 3 Ring Binder with 2 Interior Pockets, 1'' Basic Binders Holds US Letter Size 8.5'' x 11'' Paper - Versatile Binders for Office, Home, and School Use, 6 Pack (White)</p><p> -15% 0FF </p><p>$24.64</p><a href="https://www.amazon.com/dp/B0BF57LL4V?tag=eloabder-20&linkCode=osi&th=1&psc=1">View Product</a></div><div class="product"><a href="https://www.amazon.com/dp/B0BXKQ7YTW?tag=eloabder-20&linkCode=osi&th=1&psc=1"><img src="https://m.media-amazon.com/images/I/416TyBdEZYL._SL500_.jpg" alt="Product Image"></a><p>SUNEE 3 Ring Binder 1 Inch 4 Pack, Clear View 1" Binders Three Ring PVC-Free (Fit 8.5x11 Inches) for School or Office Supplies, Assorted Pastel</p><p> -17% 0FF </p><p>$14.85</p><a href="https://www.amazon.com/dp/B0BXKQ7YTW?tag=eloabder-20&linkCode=osi&th=1&psc=1">View Product</a></div><div class="product"><a href="https://www.amazon.com/dp/B0D2ZF8FHZ?tag=eloabder-20&linkCode=osi&th=1&psc=1"><img src="https://m.media-amazon.com/images/I/31smaJgK7vL._SL500_.jpg" alt="Product Image"></a><p>BinderX Extra Durable 3 Ring Binder, Round Rings 1 Inch Binder, Fits 175 Sheets of 8.5x11 Paper, Customizable View Cover with Inside Pockets, Cute 1" Binders, 1 Inch Binders 3 Ring, Pink</p><p> -36% 0FF </p><p>$8.99</p><a href="https://www.amazon.com/dp/B0D2ZF8FHZ?tag=eloabder-20&linkCode=osi&th=1&psc=1">View Product</a></div><div class="product"><a href="https://www.amazon.com/dp/B001B0GJDU?tag=eloabder-20&linkCode=osi&th=1&psc=1"><img src="https://m.media-amazon.com/images/I/41vpkaYBqsL._SL500_.jpg" alt="Product Image"></a><p>Avery Heavy-Duty View 3 Ring Binder, 1" One Touch Slant Rings, Holds 8.5" x 11" Paper, 1 Black Binder (05300)</p><p> -46% 0FF </p><p>$5.89</p><a href="https://www.amazon.com/dp/B001B0GJDU?tag=eloabder-20&linkCode=osi&th=1&psc=1">View Product</a></div>
<div class="product"><a href="https://www.amazon.com/dp/B092CM3KVX?tag=eloabder-20&linkCode=osi&th=1&psc=1"><img src="https://m.media-amazon.com/images/I/51kltWaLgmL._SL500_.jpg" alt="Product Image"></a><p>Avery Write & Erase Dividers for 3 Ring Binders, 8 Tabs per Set, Multicolor Big Tabs, Pastels, Binder Dividers Great for Organizing Reports, Projects, and More (16271)</p><p> -31% 0FF </p><p>$3.90</p><a href="https://www.amazon.com/dp/B092CM3KVX?tag=eloabder-20&linkCode=osi&th=1&psc=1">View Product</a></div><div class="product"><a href="https://www.amazon.com/dp/B08WBYPVGJ?tag=eloabder-20&linkCode=osi&th=1&psc=1"><img src="https://m.media-amazon.com/images/I/31NPQ52TfAL._SL500_.jpg" alt="Product Image"></a><p>Oxford Blank Write On Binder Dividers, 1/5 Cut Tabs, 3 Hole Punch Dividers in 5 Tab Sets, 100 Dividers, 20 Sets, White (89981)</p><p> -5% 0FF </p><p>$15.19</p><a href="https://www.amazon.com/dp/B08WBYPVGJ?tag=eloabder-20&linkCode=osi&th=1&psc=1">View Product</a></div><div class="product"><a href="https://www.amazon.com/dp/B0CZL39ZHS?tag=eloabder-20&linkCode=osi&th=1&psc=1"><img src="https://m.media-amazon.com/images/I/41APO6LBeCL._SL500_.jpg" alt="Product Image"></a><p>Forvencer 8 Count Dividers with Two Pockets, 8 tabs Binder Dividers for 3 Ring Binder Organizer, Multicolor, 1 Set</p><p> -25% 0FF </p><p>$5.99</p><a href="https://www.amazon.com/dp/B0CZL39ZHS?tag=eloabder-20&linkCode=osi&th=1&psc=1">View Product</a></div><div class="product"><a href="https://www.amazon.com/dp/B01FKMCNL6?tag=eloabder-20&linkCode=osi&th=1&psc=1"><img src="https://m.media-amazon.com/images/I/510vgT9G85L._SL500_.jpg" alt="Product Image"></a><p>Avery Binder Dividers - 5-Tab Insertable Multicolor Big Tabs for Binders, 6 Sets of Dividers (11109)</p><p> -11% 0FF </p><p>$5.78</p><a href="https://www.amazon.com/dp/B01FKMCNL6?tag=eloabder-20&linkCode=osi&th=1&psc=1">View Product</a></div><div class="product"><a href="https://www.amazon.com/dp/B0CQ4YNHX8?tag=eloabder-20&linkCode=osi&th=1&psc=1"><img src="https://m.media-amazon.com/images/I/315hb+NtGGL._SL500_.jpg" alt="Product Image"></a><p>Binder Dividers for 3 Ring Binder, 1/5 Cut Tabs, Letter Size, Blank Write On Page Dividers with 5 Big Tabs for School Office Home, 4 Sets, 20 Dividers, White</p><p> -14% 0FF </p><p>$5.98</p><a href="https://www.amazon.com/dp/B0CQ4YNHX8?tag=eloabder-20&linkCode=osi&th=1&psc=1">View Product</a></div><div class="product"><a href="https://www.amazon.com/dp/B01HC4KIVW?tag=eloabder-20&linkCode=osi&th=1&psc=1"><img src="https://m.media-amazon.com/images/I/412g1OcKv-L._SL500_.jpg" alt="Product Image"></a><p>Avery Big Tab Write & Erase Durable Plastic Dividers for 3 Ring Binders, 8-Tab Set, Bright Multicolor, 1 Set (16130)</p><p> -23% 0FF </p><p>$4.33</p><a href="https://www.amazon.com/dp/B01HC4KIVW?tag=eloabder-20&linkCode=osi&th=1&psc=1">View Product</a></div><div class="product"><a href="https://www.amazon.com/dp/B0000AQOB0?tag=eloabder-20&linkCode=osi&th=1&psc=1"><img src="https://m.media-amazon.com/images/I/51ek4ZNke4L._SL500_.jpg" alt="Product Image"></a><p>Avery 12 Tab Dividers for 3 Ring Binders, Customizable Table of Contents, Multicolor Tabs, 6 Sets (11196)</p><p> -36% 0FF </p><p>$17.99</p><a href="https://www.amazon.com/dp/B0000AQOB0?tag=eloabder-20&linkCode=osi&th=1&psc=1">View Product</a></div>

<div class="product"><a href="https://www.amazon.com/dp/B0033J6V3A?tag=eloabder-20&linkCode=osi&th=1&psc=1"><img src="https://m.media-amazon.com/images/I/21o5ASbichL._SL500_.jpg" alt="Product Image"></a><p>NuSparc 2 Drawer Locking Filing Cabinet | Pre-Assembled Steel Construction | Space-Saving Design is Perfect for Home and Small Office | Letter-Size | Assembled in North America</p><p> -14% 0FF </p><p>$76.99</p><a href="https://www.amazon.com/dp/B0033J6V3A?tag=eloabder-20&linkCode=osi&th=1&psc=1">View Product</a></div><div class="product"><a href="https://www.amazon.com/dp/B0D9XYD75W?tag=eloabder-20&linkCode=osi&th=1&psc=1"><img src="https://m.media-amazon.com/images/I/31VM3xK++PL._SL500_.jpg" alt="Product Image"></a><p>BYNSOE 2 Drawer File Cabinet with Lock Vertical Filing Storage Cabinet Office Home Steel Vertical File Cabinets for Letter Size File Cabinet Locked,Assembly Required</p><p> -8% 0FF </p><p>$54.99</p><a href="https://www.amazon.com/dp/B0D9XYD75W?tag=eloabder-20&linkCode=osi&th=1&psc=1">View Product</a></div><div class="product"><a href="https://www.amazon.com/dp/B0989HLF81?tag=eloabder-20&linkCode=osi&th=1&psc=1"><img src="https://m.media-amazon.com/images/I/51vzgnkbcjL._SL500_.jpg" alt="Product Image"></a><p>DEVAISE 3 Drawer Mobile File Cabinet, Wood Lateral Filing Cabinet, Printer Stand with Open Shelves for Home Office, Rustic Brown</p><p> -21% 0FF </p><p>$74.99</p><a href="https://www.amazon.com/dp/B0989HLF81?tag=eloabder-20&linkCode=osi&th=1&psc=1">View Product</a></div>
<div class="product"><a href="https://www.amazon.com/dp/B00006RSQD?tag=eloabder-20&linkCode=osi&th=1&psc=1"><img src="https://m.media-amazon.com/images/I/315rez3KpeL._SL500_.jpg" alt="Product Image"></a><p>Bush Business Furniture Series C 36W Tall 5 Shelf Bookcase in Hansen Cherry, Large Storage and Display Bookshelf for Home or Professional Office</p><p> -8% 0FF </p><p>$239.49</p><a href="https://www.amazon.com/dp/B00006RSQD?tag=eloabder-20&linkCode=osi&th=1&psc=1">View Product</a></div>
<div class="product"><a href="https://www.amazon.com/dp/B09F6JPYSY?tag=eloabder-20&linkCode=osi&th=1&psc=1"><img src="https://m.media-amazon.com/images/I/51fGLH7lhHL._SL500_.jpg" alt="Product Image"></a><p>SPACELEAD Slim Storage Cart 3 Tier,Bathroom Organizer Rolling Utility,Mobile Shelving Unit Slide Out for Office, Kitchen, Laundry Room & Narrow Places,Black</p><p> -30% 0FF </p><p>$20.99</p><a href="https://www.amazon.com/dp/B09F6JPYSY?tag=eloabder-20&linkCode=osi&th=1&psc=1">View Product</a></div><div class="product"><a href="https://www.amazon.com/dp/B08KFTVGQY?tag=eloabder-20&linkCode=osi&th=1&psc=1"><img src="https://m.media-amazon.com/images/I/51BjUEmGaiL._SL500_.jpg" alt="Product Image"></a><p>SONGMICS Cube Storage Organizer, Set of 16 Plastic Cubes, Closet Organizers and Storage, Room Organization, Bedroom Living Room, 12.2 x 48.4 x 48.4 Inches, Rustic Brown ULPC442A01</p><p> -15% 0FF </p><p>$46.99</p><a href="https://www.amazon.com/dp/B08KFTVGQY?tag=eloabder-20&linkCode=osi&th=1&psc=1">View Product</a></div><div class="product"><a href="https://www.amazon.com/dp/B0DG359YX5?tag=eloabder-20&linkCode=osi&th=1&psc=1"><img src="https://m.media-amazon.com/images/I/41OBXL4HJdL._SL500_.jpg" alt="Product Image"></a><p>VIVO Clamp-on 13 inch Above or Below Desk 2-Tier Shelving Unit for Table Accessories, Gaming Devices, and More, Storage Tray, Desktop Organizer, Rustic Vintage Brown, STAND-SHELF2C-N</p><p> -20% 0FF </p><p>$39.99</p><a href="https://www.amazon.com/dp/B0DG359YX5?tag=eloabder-20&linkCode=osi&th=1&psc=1">View Product</a></div><div class="product"><a href="https://www.amazon.com/dp/B0D7S5GGP6?tag=eloabder-20&linkCode=osi&th=1&psc=1"><img src="https://m.media-amazon.com/images/I/51EriWG2BLL._SL500_.jpg" alt="Product Image"></a><p>C&AHOME Wire Cube Storage, 9 - Cube Organizer Metal C Grids, Modular Shelves Units, Closet Organizer, Ideal for Home, Office, Living Room, 36.6”L x 12.4”W x 48.4”H, Silver Gray UWCS3009G</p><p> -33% 0FF </p><p>$28.87</p><a href="https://www.amazon.com/dp/B0D7S5GGP6?tag=eloabder-20&linkCode=osi&th=1&psc=1">View Product</a></div>
<div class="product"><a href="https://www.amazon.com/dp/B0B1M6ML2J?tag=eloabder-20&linkCode=osi&th=1&psc=1"><img src="https://m.media-amazon.com/images/I/51pX2Qo38JL._SL500_.jpg" alt="Product Image"></a><p>WOWBOX 25 PCS Clear Plastic Drawer Organizer Set, 4 Sizes Desk Drawer Divider Organizers and Storage Bins for Makeup, Jewelry, Gadgets for Kitchen, Bedroom, Bathroom, Office</p><p> -35% 0FF </p><p>$16.13 ($0.65 / Count)</p><a href="https://www.amazon.com/dp/B0B1M6ML2J?tag=eloabder-20&linkCode=osi&th=1&psc=1">View Product</a></div><div class="product"><a href="https://www.amazon.com/dp/B0DB8F7GDN?tag=eloabder-20&linkCode=osi&th=1&psc=1"><img src="https://m.media-amazon.com/images/I/51iOtKHzvCL._SL500_.jpg" alt="Product Image"></a><p>OPNICE Desk Organizer and Accessories, 2-Tier Computer Monitor Stand Riser with Drawer and 2 Pen Holders, Laptop Stand, Office Desk Accessories for Office Supplies, Black</p><p> -27% 0FF </p><p>$21.99</p><a href="https://www.amazon.com/dp/B0DB8F7GDN?tag=eloabder-20&linkCode=osi&th=1&psc=1">View Product</a></div><div class="product"><a href="https://www.amazon.com/dp/B0FQ86P4M3?tag=eloabder-20&linkCode=osi&th=1&psc=1"><img src="https://m.media-amazon.com/images/I/41ZDdyGnPxL._SL500_.jpg" alt="Product Image"></a><p>Mind Reader 2-Tier Desk Organizer with Clamp, Accessory Shelf for Office or Gaming, Office, Metal, White</p><p> -5% 0FF </p><p>$37.99</p><a href="https://www.amazon.com/dp/B0FQ86P4M3?tag=eloabder-20&linkCode=osi&th=1&psc=1">View Product</a></div><div class="product"><a href="https://www.amazon.com/dp/B0BYDGF8DT?tag=eloabder-20&linkCode=osi&th=1&psc=1"><img src="https://m.media-amazon.com/images/I/51sE2GzgVNL._SL500_.jpg" alt="Product Image"></a><p>OPNICE Desk Organizer and Accessories, 4-Tier Desktop File Organizer with Drawer and 2 Pen Holders, Office Desk Accessories, Workspace Organizers for Office Supplies(Black)</p><p> -33% 0FF </p><p>$19.99</p><a href="https://www.amazon.com/dp/B0BYDGF8DT?tag=eloabder-20&linkCode=osi&th=1&psc=1">View Product</a></div><div class="product"><a href="https://www.amazon.com/dp/B0DJKSMV2T?tag=eloabder-20&linkCode=osi&th=1&psc=1"><img src="https://m.media-amazon.com/images/I/41gO3CCIg1L._SL500_.jpg" alt="Product Image"></a><p>gianotter Dual Monitor Stand Riser, Desk Organizer With Drawer and 2 Pen Holders, Computer Monitor Stand, Shelf for Top of Desk, Black</p><p> -28% 0FF </p><p>$25.99</p><a href="https://www.amazon.com/dp/B0DJKSMV2T?tag=eloabder-20&linkCode=osi&th=1&psc=1">View Product</a></div><div class="product"><a href="https://www.amazon.com/dp/B0BWTT3WK1?tag=eloabder-20&linkCode=osi&th=1&psc=1"><img src="https://m.media-amazon.com/images/I/51JTe2SjicL._SL500_.jpg" alt="Product Image"></a><p>gianotter Desk Organizers and Accessories with File Holder, 4-Tier Desk Accessories & Workspace Organizers with Drawer and 2 Pen Holder, Paper Organizer for Office Supplies (Rose Gold)</p><p> -27% 0FF </p><p>$23.99</p><a href="https://www.amazon.com/dp/B0BWTT3WK1?tag=eloabder-20&linkCode=osi&th=1&psc=1">View Product</a></div><div class="product"><a href="https://www.amazon.com/dp/B09QKDY1YY?tag=eloabder-20&linkCode=osi&th=1&psc=1"><img src="https://m.media-amazon.com/images/I/519UVM73B6L._SL500_.jpg" alt="Product Image"></a><p>Supeasy 5 Trays Paper Organizer Letter Tray with Handle-Mesh Desk File Organizer, Paper Sorter Desk Organizer for Office, Home or School</p><p> -17% 0FF </p><p>$19.99</p><a href="https://www.amazon.com/dp/B09QKDY1YY?tag=eloabder-20&linkCode=osi&th=1&psc=1">View Product</a></div><div class="product"><a href="https://www.amazon.com/dp/B08PBFKGJG?tag=eloabder-20&linkCode=osi&th=1&psc=1"><img src="https://m.media-amazon.com/images/I/61WfW0WLsqL._SL500_.jpg" alt="Product Image"></a><p>Marbrasse 6 Tier Paper Organizer Letter Tray - Mesh Desk File Organizer with Handle, Paper Sorter Organizer for Letter/A4 Office File Folder Holder - Black</p><p> -23% 0FF </p><p>$19.98</p><a href="https://www.amazon.com/dp/B08PBFKGJG?tag=eloabder-20&linkCode=osi&th=1&psc=1">View Product</a></div><div class="product"><a href="https://www.amazon.com/dp/B09K5927B5?tag=eloabder-20&linkCode=osi&th=1&psc=1"><img src="https://m.media-amazon.com/images/I/51u5tZ4jR6L._SL500_.jpg" alt="Product Image"></a><p>Marbrasse Desk Organizer with File Holder, 5-Tier Paper Letter Tray Organizer with Drawer and 2 Pen Holder, Mesh Desktop Organizer and Storage with Magazine Holder for Office Supplies(Black)</p><p> -24% 0FF </p><p>$33.99</p><a href="https://www.amazon.com/dp/B09K5927B5?tag=eloabder-20&linkCode=osi&th=1&psc=1">View Product</a></div>
<div class="product"><a href="https://www.amazon.com/dp/B0CNXF7SVS?tag=eloabder-20&linkCode=osi&th=1&psc=1"><img src="https://m.media-amazon.com/images/I/51a6EswyTZL._SL500_.jpg" alt="Product Image"></a><p>Manalete Drawer Organizers Set of 15, 4 Sizes Clear Plastic Drawer Organizers and Storage Bins for Kitchen, Bathroom, Office, Dresser Desk Drawer Organizer Tray for Jewelry, Makeup, Junk, Gadgets</p><p> -29% 0FF </p><p>$9.99</p><a href="https://www.amazon.com/dp/B0CNXF7SVS?tag=eloabder-20&linkCode=osi&th=1&psc=1">View Product</a></div><div class="product"><a href="https://www.amazon.com/dp/B0CCY5X6SS?tag=eloabder-20&linkCode=osi&th=1&psc=1"><img src="https://m.media-amazon.com/images/I/41Iye-vPXJL._SL500_.jpg" alt="Product Image"></a><p>Bamboo Drawer Organizer Set, 5 PCS Multi-Use Individual Wood Storage Organizers, Junk Drawer Divider and Storage Trays Containers for Kitchen, Bathroom, Office Desk, Makeup, Jewelry, Utensils</p><p> -20% 0FF </p><p>$19.99 ($4.00 / Count)</p><a href="https://www.amazon.com/dp/B0CCY5X6SS?tag=eloabder-20&linkCode=osi&th=1&psc=1">View Product</a></div><div class="product"><a href="https://www.amazon.com/dp/B0CCDJQ7MM?tag=eloabder-20&linkCode=osi&th=1&psc=1"><img src="https://m.media-amazon.com/images/I/51kU0WJxdsL._SL500_.jpg" alt="Product Image"></a><p>Marbrasse Expandable Desk Drawer Organizer, Mesh Drawer Organizer Tray with 10 Adjustable Compartments, Desk Organizers and Accessories, 5 Dividers Drawer for Office Supplies, Makeup & Vanity (Black)</p><p> -15% 0FF </p><p>$17.84</p><a href="https://www.amazon.com/dp/B0CCDJQ7MM?tag=eloabder-20&linkCode=osi&th=1&psc=1">View Product</a></div><div class="product"><a href="https://www.amazon.com/dp/B0DM27MBZN?tag=eloabder-20&linkCode=osi&th=1&psc=1"><img src="https://m.media-amazon.com/images/I/41hAfSMnrZL._SL500_.jpg" alt="Product Image"></a><p>ElegantArray 12 PCS Drawer Organizer Set, 4 Sizes Storage Drawer Units, Clear Plastic Makeup Vanity Organizer and Storage Bins for Makeup, Stationeries, Multiple Gadgets for Bathroom, Office, Bedroom</p><p> -31% 0FF </p><p>$8.99</p><a href="https://www.amazon.com/dp/B0DM27MBZN?tag=eloabder-20&linkCode=osi&th=1&psc=1">View Product</a></div>
<div class="product"><a href="https://www.amazon.com/dp/B0C4T42TPC?tag=eloabder-20&linkCode=osi&th=1&psc=1"><img src="https://m.media-amazon.com/images/I/318IsyAsPXL._SL500_.jpg" alt="Product Image"></a><p>Adjustable Mobile CPU Stand, Ventilated Computer Tower Stand with 4 Caster Wheels Fits Most PC Tower, Under Desk CPU Holder PC Floor Cart Computer Riser for Gamers and Students (Black)</p><p> -21% 0FF </p><p>$14.21</p><a href="https://www.amazon.com/dp/B0C4T42TPC?tag=eloabder-20&linkCode=osi&th=1&psc=1">View Product</a></div><div class="product"><a href="https://www.amazon.com/dp/B094QTGHNZ?tag=eloabder-20&linkCode=osi&th=1&psc=1"><img src="https://m.media-amazon.com/images/I/31VzBQ+jwWL._SL500_.jpg" alt="Product Image"></a><p>WALI Computer Monitor Stand for Desk, Adjustable Laptop Riser, Desk Monitor Stand Underneath Storage for Office, Home, School Supplies (STT003), 1 Pack, Black</p><p> -32% 0FF </p><p>$16.99</p><a href="https://www.amazon.com/dp/B094QTGHNZ?tag=eloabder-20&linkCode=osi&th=1&psc=1">View Product</a></div><div class="product"><a href="https://www.amazon.com/dp/B07H4DMLVH?tag=eloabder-20&linkCode=osi&th=1&psc=1"><img src="https://m.media-amazon.com/images/I/31eTfKhpSWL._SL500_.jpg" alt="Product Image"></a><p>HUANUO Monitor Stand, Monitor Stand Riser 3 Height Adjustable, Monitor Riser with Airflow Vents, Laptop Stand for Desk, Laptop Riser, Desk Organizer for Monitor, 15.6" Laptop, PC, Printer</p><p> -11% 0FF </p><p>$15.19</p><a href="https://www.amazon.com/dp/B07H4DMLVH?tag=eloabder-20&linkCode=osi&th=1&psc=1">View Product</a></div><div class="product"><a href="https://www.amazon.com/dp/B0D69W6H91?tag=eloabder-20&linkCode=osi&th=1&psc=1"><img src="https://m.media-amazon.com/images/I/51rQI+gi3lL._SL500_.jpg" alt="Product Image"></a><p>JANE EYRE Computer Tower Stand - Adjustable PC Tower Stand CPU Holder Cart with Charging Station for Office Home Classroom,23.03"-28.3" H, black</p><p> -10% 0FF </p><p>$53.99</p><a href="https://www.amazon.com/dp/B0D69W6H91?tag=eloabder-20&linkCode=osi&th=1&psc=1">View Product</a></div><div class="product"><a href="https://www.amazon.com/dp/B0C4T34L9Y?tag=eloabder-20&linkCode=osi&th=1&psc=1"><img src="https://m.media-amazon.com/images/I/51BNMGXNOEL._SL500_.jpg" alt="Product Image"></a><p>BONTEC Wooden Monitor Stand Riser, 2-Tier Desk Shelf with Storage Organizer, Ergonomic Computer Stand with Cable Management, Cellphone Holder, White, 16.5 Inch</p><p> -33% 0FF </p><p>$18.04</p><a href="https://www.amazon.com/dp/B0C4T34L9Y?tag=eloabder-20&linkCode=osi&th=1&psc=1">View Product</a></div><div class="product"><a href="https://www.amazon.com/dp/B08BRCT4JH?tag=eloabder-20&linkCode=osi&th=1&psc=1"><img src="https://m.media-amazon.com/images/I/41Ga6A+cXbL._SL500_.jpg" alt="Product Image"></a><p>BESIGN LS03 Aluminum Laptop Stand, Ergonomic Detachable Computer Stand, Notebook Riser Compatible with Air, Pro, Dell, HP, Lenovo More 10-15.6" Laptops, Silver</p><p> -25% 0FF </p><p>$14.98</p><a href="https://www.amazon.com/dp/B08BRCT4JH?tag=eloabder-20&linkCode=osi&th=1&psc=1">View Product</a></div>
<div class="product"><a href="https://www.amazon.com/dp/B07Q79ZZJ6?tag=eloabder-20&linkCode=osi&th=1&psc=1"><img src="https://m.media-amazon.com/images/I/31-LBzENQIL._SL500_.jpg" alt="Product Image"></a><p>Single LCD Computer Monitor Free-Standing Desk Stand Mount Riser for 13 inch to 32 inch screen with Swivel, Height Adjustable, Rotation, Vesa Base Stand Holds One (1) Screen up to 77Lbs(HT05B-001))</p><p> -34% 0FF </p><p>$21.99</p><a href="https://www.amazon.com/dp/B07Q79ZZJ6?tag=eloabder-20&linkCode=osi&th=1&psc=1">View Product</a></div><div class="product"><a href="https://www.amazon.com/dp/B082845XM8?tag=eloabder-20&linkCode=osi&th=1&psc=1"><img src="https://m.media-amazon.com/images/I/41uRH1B7HgL._SL500_.jpg" alt="Product Image"></a><p>Dual Monitor Stand - Vertical Stack Screen Free-Standing Monitor Riser Fits Two 13 to 34 Inch Screen with Swivel, Tilt, Height Adjustable, Holds One (1) Screen Up to 44Lbs</p><p> -5% 0FF </p><p>$31.56</p><a href="https://www.amazon.com/dp/B082845XM8?tag=eloabder-20&linkCode=osi&th=1&psc=1">View Product</a></div><div class="product"><a href="https://www.amazon.com/dp/B00X4SCCFG?tag=eloabder-20&linkCode=osi&th=1&psc=1"><img src="https://m.media-amazon.com/images/I/21X2klzUZGL._SL500_.jpg" alt="Product Image"></a><p>Amazon Basics Height Adjustable Rectangular Computer Monitor Riser Desk Stand with Storage for Reduced Neck Strain - Fits Monitors, Laptops Up to 22lbs, Black</p><p> -35% 0FF </p><p>$14.06</p><a href="https://www.amazon.com/dp/B00X4SCCFG?tag=eloabder-20&linkCode=osi&th=1&psc=1">View Product</a></div>
<div class="product"><a href="https://www.amazon.com/dp/B07HFDJCSL?tag=eloabder-20&linkCode=osi&th=1&psc=1"><img src="https://m.media-amazon.com/images/I/41DR7qY1naL._SL500_.jpg" alt="Product Image"></a><p>VIVO Large Keyboard Tray Under Desk Pull Out with Extra Sturdy C Clamp Mount System, 27 (33 Including Clamps) x 11 Inch Slide-Out Platform Computer Drawer for Typing, Black, MOUNT-KB05E</p><p> -17% 0FF </p><p>$49.99</p><a href="https://www.amazon.com/dp/B07HFDJCSL?tag=eloabder-20&linkCode=osi&th=1&psc=1">View Product</a></div><div class="product"><a href="https://www.amazon.com/dp/B082NKBM62?tag=eloabder-20&linkCode=osi&th=1&psc=1"><img src="https://m.media-amazon.com/images/I/41qQ3p9-mrL._SL500_.jpg" alt="Product Image"></a><p>HUANUO Keyboard Tray Under Desk, 360 Adjustable Ergonomic Sliding Keyboard & Mouse Tray, Under Desk Keyboard Tray Slide Out, Keyboard Holder Under Desk for Typing in Home, Office Work, 25"W x 9.84"D</p><p> -33% 0FF </p><p>$59.98</p><a href="https://www.amazon.com/dp/B082NKBM62?tag=eloabder-20&linkCode=osi&th=1&psc=1">View Product</a></div><div class="product"><a href="https://www.amazon.com/dp/B0F23GTKHL?tag=eloabder-20&linkCode=osi&th=1&psc=1"><img src="https://m.media-amazon.com/images/I/41dmHoeznDL._SL500_.jpg" alt="Product Image"></a><p>Zontera Ergonomic Mouse & Keyboard Tray Under Desk, Pull Out with Adjustable C-clamp, 20 (25.9 Including Clamps) x 11.8 Inch Slide Out Computer Keyboard Drawer Mouse Tray for Typing, Black</p><p> -7% 0FF </p><p>$25.99</p><a href="https://www.amazon.com/dp/B0F23GTKHL?tag=eloabder-20&linkCode=osi&th=1&psc=1">View Product</a></div><div class="product"><a href="https://www.amazon.com/dp/B01IIGMBVI?tag=eloabder-20&linkCode=osi&th=1&psc=1"><img src="https://m.media-amazon.com/images/I/21Vw8003F0L._SL500_.jpg" alt="Product Image"></a><p>Alera ALE Valencia Series Underdesk Keyboard/Mouse Shelf, 28w x 12d, Black</p><p> -50% 0FF </p><p>$29.22</p><a href="https://www.amazon.com/dp/B01IIGMBVI?tag=eloabder-20&linkCode=osi&th=1&psc=1">View Product</a></div>
<div class="product"><a href="https://www.amazon.com/dp/B07C3XZMC6?tag=eloabder-20&linkCode=osi&th=1&psc=1"><img src="https://m.media-amazon.com/images/I/31Eojf7glwL._SL500_.jpg" alt="Product Image"></a><p>JIKIOU 3 Pack Mouse Pad with Stitched Edge, Comfortable Mouse Pads with Non-Slip Rubber Base, Washable Mousepads Bulk with Comfortable Cloth, Mouse Pads for Computers Laptop Mouse 10.2x8.3inch Black</p><p> -29% 0FF </p><p>$7.99</p><a href="https://www.amazon.com/dp/B07C3XZMC6?tag=eloabder-20&linkCode=osi&th=1&psc=1">View Product</a></div><div class="product"><a href="https://www.amazon.com/dp/B085XRMSTT?tag=eloabder-20&linkCode=osi&th=1&psc=1"><img src="https://m.media-amazon.com/images/I/31aDSI0sFoL._SL500_.jpg" alt="Product Image"></a><p>EooCoo Ergonomic Mouse Pad with Wrist Support, Mousepad with Memory Foam Wrist Rest and Non-Slip Base for Computer, Cafe, Home & Office, 9.64 x 8.26 in Office Desk Accessories</p><p> -36% 0FF </p><p>$6.99</p><a href="https://www.amazon.com/dp/B085XRMSTT?tag=eloabder-20&linkCode=osi&th=1&psc=1">View Product</a></div>
<div class="product"><a href="https://www.amazon.com/dp/B0BRCJL4MM?tag=eloabder-20&linkCode=osi&th=1&psc=1"><img src="https://m.media-amazon.com/images/I/41sggzaNbPL._SL500_.jpg" alt="Product Image"></a><p>Led Desk Lamp for Office Home - Eye Caring Architect lamp with Clamp,Dual Screen Computer Monitor Gooseneck Smart Light: 24W 5 Color Flexible Adjustable Lighting Table Lamp for Study Drafting</p><p> -13% 0FF </p><p>$69.99</p><a href="https://www.amazon.com/dp/B0BRCJL4MM?tag=eloabder-20&linkCode=osi&th=1&psc=1">View Product</a></div><div class="product"><a href="https://www.amazon.com/dp/B0BNHNG5CY?tag=eloabder-20&linkCode=osi&th=1&psc=1"><img src="https://m.media-amazon.com/images/I/51ccmdZe2YL._SL500_.jpg" alt="Product Image"></a><p>Micomlan Led Desk Lamp with Clamp, Architect Desk Lamp for Home Office with Atmosphere Lighting, 24W Ultra Bright Auto Dimming Computer Light Stepless Dimming and Tempering LED Table Light</p><p> -27% 0FF </p><p>$49.99</p><a href="https://www.amazon.com/dp/B0BNHNG5CY?tag=eloabder-20&linkCode=osi&th=1&psc=1">View Product</a></div><div class="product"><a href="https://www.amazon.com/dp/B078W61H9P?tag=eloabder-20&linkCode=osi&th=1&psc=1"><img src="https://m.media-amazon.com/images/I/31aebwb3nqL._SL500_.jpg" alt="Product Image"></a><p>LEPOWER Metal Desk Lamp, Eye-Caring Table Lamp, Study Lamps with Flexible Goose Neck for Bedroom, Home Office (Matte Black)</p><p> -24% 0FF </p><p>$24.99</p><a href="https://www.amazon.com/dp/B078W61H9P?tag=eloabder-20&linkCode=osi&th=1&psc=1">View Product</a></div><div class="product"><a href="https://www.amazon.com/dp/B0D1DLY4H4?tag=eloabder-20&linkCode=osi&th=1&psc=1"><img src="https://m.media-amazon.com/images/I/41sKiuSIwRL._SL500_.jpg" alt="Product Image"></a><p>SKYLEO Led Desk Lamp - Desk Light for 31.5" Tall - 5 Color Modes X 11 Brightness Levels - Adjustable Swing Arm - Timmer & Memory Function - 12W Lamp for Desk - Black</p><p> -23% 0FF </p><p>$19.99</p><a href="https://www.amazon.com/dp/B0D1DLY4H4?tag=eloabder-20&linkCode=osi&th=1&psc=1">View Product</a></div><div class="product"><a href="https://www.amazon.com/dp/B0D2LGK82V?tag=eloabder-20&linkCode=osi&th=1&psc=1"><img src="https://m.media-amazon.com/images/I/41UpQ-qygDL._SL500_.jpg" alt="Product Image"></a><p>Addtam LED Desk Lamp, Power Strip with 3 Outlets 4 USB Charging Ports(2 USBC), 4 Modes 5 Level Brightness Touch Lamp, Small Desk Lamp for Home Office College Dorm Room Essentials</p><p> -23% 0FF </p><p>$16.99</p><a href="https://www.amazon.com/dp/B0D2LGK82V?tag=eloabder-20&linkCode=osi&th=1&psc=1">View Product</a></div><div class="product"><a href="https://www.amazon.com/dp/B08LMTQ7ZF?tag=eloabder-20&linkCode=osi&th=1&psc=1"><img src="https://m.media-amazon.com/images/I/21vKPX2KHML._SL500_.jpg" alt="Product Image"></a><p>Lepro LED Desk Lamp for Home Office, 9.5W 750LM Metal Touch Control Desk Light, 5 Color Modes 5 Brightness Level, Eye Caring Task Lamp For Reading, Sewing, Crafts, School Supplies, Puzzle Light, Black</p><p> -13% 0FF </p><p>$24.99</p><a href="https://www.amazon.com/dp/B08LMTQ7ZF?tag=eloabder-20&linkCode=osi&th=1&psc=1">View Product</a></div>
<div class="product"><a href="https://www.amazon.com/dp/B0D7BXNDP4?tag=eloabder-20&linkCode=osi&th=1&psc=1"><img src="https://m.media-amazon.com/images/I/41DuEunZ1+L._SL500_.jpg" alt="Product Image"></a><p>Monitor Fan with Clamp & Light Bar Desk Lamp with fan for Office mini Desk fan small quiet with lamp for PC Laptops Tablet for Home Office Portable Working Reading Stand Lamp</p><p> -5% 0FF </p><p>$15.19</p><a href="https://www.amazon.com/dp/B0D7BXNDP4?tag=eloabder-20&linkCode=osi&th=1&psc=1">View Product</a></div><div class="product"><a href="https://www.amazon.com/dp/B07K1D41DC?tag=eloabder-20&linkCode=osi&th=1&psc=1"><img src="https://m.media-amazon.com/images/I/310MAouNV-L._SL500_.jpg" alt="Product Image"></a><p>OttLite Cool Breeze LED Lamp with Bladeless Fan - 3 Speed Options & 5 Brightness Settings with Energy Efficient Natural Daylight LEDs - Desktop, Table or Nightstand Lamp for Studying or Reading</p><p> -14% 0FF </p><p>$89.98</p><a href="https://www.amazon.com/dp/B07K1D41DC?tag=eloabder-20&linkCode=osi&th=1&psc=1">View Product</a></div>
<div class="product"><a href="https://www.amazon.com/dp/B0CXSXL1F2?tag=eloabder-20&linkCode=osi&th=1&psc=1"><img src="https://m.media-amazon.com/images/I/41H6cndt7iL._SL500_.jpg" alt="Product Image"></a><p>9 Pack Lined Sticky Notes 4x6 in Post Sticky Notes with Lines, 9 Bright Colors Self Sticky Notes Pad Its, Large Ruled Sticky Note for Office, Home, 35 Sheets/Pad</p><p> -33% 0FF </p><p>$7.99</p><a href="https://www.amazon.com/dp/B0CXSXL1F2?tag=eloabder-20&linkCode=osi&th=1&psc=1">View Product</a></div><div class="product"><a href="https://www.amazon.com/dp/B019QROV9S?tag=eloabder-20&linkCode=osi&th=1&psc=1"><img src="https://m.media-amazon.com/images/I/51OsStyntzL._SL500_.jpg" alt="Product Image"></a><p>Sharpie Clear View Highlighter Sticks, Chisel Tip, Assorted Fluorescent, 8 Count - School, Home, and Office Use, Teacher Supplies</p><p> -23% 0FF </p><p>$13.86</p><a href="https://www.amazon.com/dp/B019QROV9S?tag=eloabder-20&linkCode=osi&th=1&psc=1">View Product</a></div>
<div class="product"><a href="https://www.amazon.com/dp/B082PN4X5J?tag=eloabder-20&linkCode=osi&th=1&psc=1"><img src="https://m.media-amazon.com/images/I/51o+eA8g6nL._SL500_.jpg" alt="Product Image"></a><p>Sharpie S-Gel Gel Pens, Black Barrel, Medium Point (0.7mm), Black Gel Ink Pens, 12 Count - Home, Office, School, Journaling, Writing, Note-Taking, Teacher Supplies</p><p> -14% 0FF </p><p>$11.97</p><a href="https://www.amazon.com/dp/B082PN4X5J?tag=eloabder-20&linkCode=osi&th=1&psc=1">View Product</a></div><div class="product"><a href="https://www.amazon.com/dp/B0C9W8DD9S?tag=eloabder-20&linkCode=osi&th=1&psc=1"><img src="https://m.media-amazon.com/images/I/41mdSvEwNZL._SL500_.jpg" alt="Product Image"></a><p>Ddaowanx Gel Pens, 6 Pcs 0.5mm Quick Dry Black Ink Pens Fine Point Smooth Writing Pens, Cute Office School Supplies Gifts for Women</p><p> -10% 0FF </p><p>$8.99</p><a href="https://www.amazon.com/dp/B0C9W8DD9S?tag=eloabder-20&linkCode=osi&th=1&psc=1">View Product</a></div><div class="product"><a href="https://www.amazon.com/dp/B019QBOG3U?tag=eloabder-20&linkCode=osi&th=1&psc=1"><img src="https://m.media-amazon.com/images/I/416PjSebDoL._SL500_.jpg" alt="Product Image"></a><p>Paper Mate Colorful Gel Pens - InkJoy Gel Pens Assorted Medium Point (0.7). Perfect for Vibrant Colored Writing and Sketching with Paper Mate InkJoy 14 Count</p><p> -18% 0FF </p><p>$10.31</p><a href="https://www.amazon.com/dp/B019QBOG3U?tag=eloabder-20&linkCode=osi&th=1&psc=1">View Product</a></div><div class="product"><a href="https://www.amazon.com/dp/B0C73JDN4S?tag=eloabder-20&linkCode=osi&th=1&psc=1"><img src="https://m.media-amazon.com/images/I/51DJUUxL7HL._SL500_.jpg" alt="Product Image"></a><p>Linbsunne Ballpoint Pens Black Medium Point 1mm Pen with Super Soft Grip Ball Point Pen for Men Women Retractable Pens (gold-12 pcs)</p><p> -10% 0FF </p><p>$8.99</p><a href="https://www.amazon.com/dp/B0C73JDN4S?tag=eloabder-20&linkCode=osi&th=1&psc=1">View Product</a></div><div class="product"><a href="https://www.amazon.com/dp/B001OTA66O?tag=eloabder-20&linkCode=osi&th=1&psc=1"><img src="https://m.media-amazon.com/images/I/41yS5tBZQLL._SL500_.jpg" alt="Product Image"></a><p>BIC Glide Black Retractable Ballpoint Pens, Medium Point (1.0mm), 4-Count Pack, Ultra Smooth Writing Black Pens</p><p> -40% 0FF </p><p>$2.99</p><a href="https://www.amazon.com/dp/B001OTA66O?tag=eloabder-20&linkCode=osi&th=1&psc=1">View Product</a></div>
<div class="product"><a href="https://www.amazon.com/dp/B002HVXXCW?tag=eloabder-20&linkCode=osi&th=1&psc=1"><img src="https://m.media-amazon.com/images/I/41JeEedXCeL._SL500_.jpg" alt="Product Image"></a><p>Ticonderoga Wood-Cased Pencils, Pre-Sharpened, 2 HB Soft, Yellow, 10 Count</p><p> -58% 0FF </p><p>$2.49</p><a href="https://www.amazon.com/dp/B002HVXXCW?tag=eloabder-20&linkCode=osi&th=1&psc=1">View Product</a></div><div class="product"><a href="https://www.amazon.com/dp/B077Q4B6YN?tag=eloabder-20&linkCode=osi&th=1&psc=1"><img src="https://m.media-amazon.com/images/I/4160YcHGDNL._SL500_.jpg" alt="Product Image"></a><p>Paper Mate 2017483 Mechanical Pencils for Handwriting, Triangular, 5/PK, AST</p><p> -45% 0FF </p><p>$3.47</p><a href="https://www.amazon.com/dp/B077Q4B6YN?tag=eloabder-20&linkCode=osi&th=1&psc=1">View Product</a></div>
<div class="product"><a href="https://www.amazon.com/dp/B0D7YTZNRF?tag=eloabder-20&linkCode=osi&th=1&psc=1"><img src="https://m.media-amazon.com/images/I/41hSbSlNAmL._SL500_.jpg" alt="Product Image"></a><p>YASNAY Alcohol Markers, 48 Colors Dual Tip Art Marker, Drawing Markers, Coloring Marker for Kids Sketching Adult Coloring</p><p> -27% 0FF </p><p>$10.99</p><a href="https://www.amazon.com/dp/B0D7YTZNRF?tag=eloabder-20&linkCode=osi&th=1&psc=1">View Product</a></div><div class="product"><a href="https://www.amazon.com/dp/B07CJ8QXF8?tag=eloabder-20&linkCode=osi&th=1&psc=1"><img src="https://m.media-amazon.com/images/I/51bChi4-H4L._SL500_.jpg" alt="Product Image"></a><p>Dual Markers Brush Pens, 36 Fine Point Art Marker, Double Tip Colored Pen for Adult Coloring Hand Lettering, School Classroom Art Suppliers</p><p> -20% 0FF </p><p>$7.98</p><a href="https://www.amazon.com/dp/B07CJ8QXF8?tag=eloabder-20&linkCode=osi&th=1&psc=1">View Product</a></div><div class="product"><a href="https://www.amazon.com/dp/B071CP6X88?tag=eloabder-20&linkCode=osi&th=1&psc=1"><img src="https://m.media-amazon.com/images/I/41sNeEYkTNL._SL500_.jpg" alt="Product Image"></a><p>Crayola Super Tips Marker Set for Kids (100ct), Broad Tip & Fine Point Washable Art Markers for Kids, Bulk School Supplies, Teacher Classroom Must Haves, Drawing Supplies</p><p> -19% 0FF </p><p>$16.29</p><a href="https://www.amazon.com/dp/B071CP6X88?tag=eloabder-20&linkCode=osi&th=1&psc=1">View Product</a></div><div class="product"><a href="https://www.amazon.com/dp/B08MBFPFCQ?tag=eloabder-20&linkCode=osi&th=1&psc=1"><img src="https://m.media-amazon.com/images/I/51DaGL7Z4oL._SL500_.jpg" alt="Product Image"></a><p>Sharpie Permanent Markers Variety Pack, Includes Chisel, Fine, and Ultra-Fine Tips, Marker Set, Writing, Coloring, Poster, Office, School Supplies, Black, 6 Count</p><p> -19% 0FF </p><p>$4.63 ($0.77 / Count)</p><a href="https://www.amazon.com/dp/B08MBFPFCQ?tag=eloabder-20&linkCode=osi&th=1&psc=1">View Product</a></div>
<div class="product"><a href="https://www.amazon.com/dp/B09Y2KJ2KX?tag=eloabder-20&linkCode=osi&th=1&psc=1"><img src="https://m.media-amazon.com/images/I/41EhQr7suML._SL500_.jpg" alt="Product Image"></a><p>Sharpie Pocket Highlighters, Mild Pastel Colors, Assorted, Chisel Tip, 12 Count - School, Home, and Office Use, Teacher Supplies</p><p> -22% 0FF </p><p>$7.76 ($0.65 / Count)</p><a href="https://www.amazon.com/dp/B09Y2KJ2KX?tag=eloabder-20&linkCode=osi&th=1&psc=1">View Product</a></div><div class="product"><a href="https://www.amazon.com/dp/B08698MJWT?tag=eloabder-20&linkCode=osi&th=1&psc=1"><img src="https://m.media-amazon.com/images/I/512N7aYt5oL._SL500_.jpg" alt="Product Image"></a><p>Sharpie S-Note Creative Markers, Pastel Highlighters, Art Marker Set, Assorted Colors, Chisel Tip, 24 Count - School, Home, and Office Use, Teacher Supplies</p><p> -60% 0FF </p><p>$8.83</p><a href="https://www.amazon.com/dp/B08698MJWT?tag=eloabder-20&linkCode=osi&th=1&psc=1">View Product</a></div>
<div class="product"><a href="https://www.amazon.com/dp/B097DPQPYN?tag=eloabder-20&linkCode=osi&th=1&psc=1"><img src="https://m.media-amazon.com/images/I/51nFyQPtfkL._SL500_.jpg" alt="Product Image"></a><p>Sonuimy Pencil Sharpeners, 4 Pcs Pencil Sharpeners Manual,Dual Holes Compact Colored Handheld Pencil Sharpener for Kids with Lid Adults Students School Class Home Office (Covered)</p><p> -13% 0FF </p><p>$4.49</p><a href="https://www.amazon.com/dp/B097DPQPYN?tag=eloabder-20&linkCode=osi&th=1&psc=1">View Product</a></div><div class="product"><a href="https://www.amazon.com/dp/B000MFN1G8?tag=eloabder-20&linkCode=osi&th=1&psc=1"><img src="https://m.media-amazon.com/images/I/41JPflroUEL._SL500_.jpg" alt="Product Image"></a><p>Compact Desktop Electric Pencil Sharpener, Black, Sold as 1 Each</p><p> -21% 0FF </p><p>$15.89</p><a href="https://www.amazon.com/dp/B000MFN1G8?tag=eloabder-20&linkCode=osi&th=1&psc=1">View Product</a></div><div class="product"><a href="https://www.amazon.com/dp/B00125KXGI?tag=eloabder-20&linkCode=osi&th=1&psc=1"><img src="https://m.media-amazon.com/images/I/51avY0bZv6L._SL500_.jpg" alt="Product Image"></a><p>Bostitch Office Personal Electric Pencil Sharpener, Powerful Stall-Free Motor, High Capacity Shavings Tray, Blue</p><p> -13% 0FF </p><p>$17.48</p><a href="https://www.amazon.com/dp/B00125KXGI?tag=eloabder-20&linkCode=osi&th=1&psc=1">View Product</a></div><div class="product"><a href="https://www.amazon.com/dp/B078DZY9Z5?tag=eloabder-20&linkCode=osi&th=1&psc=1"><img src="https://m.media-amazon.com/images/I/41KbUFGrXfL._SL500_.jpg" alt="Product Image"></a><p>JARLINK Electric Pencil Sharpener, Heavy-Duty Helical Blade to Fast Sharpen, Auto Stop for No.2/Colored Pencils(6-8mm), AC Adapter/Battery Operated in School Classroom/Office/Home (Black)</p><p> -21% 0FF </p><p>$16.98</p><a href="https://www.amazon.com/dp/B078DZY9Z5?tag=eloabder-20&linkCode=osi&th=1&psc=1">View Product</a></div><div class="product"><a href="https://www.amazon.com/dp/B08DLXH86D?tag=eloabder-20&linkCode=osi&th=1&psc=1"><img src="https://m.media-amazon.com/images/I/41UghsnBycL._SL500_.jpg" alt="Product Image"></a><p>Aogwat Pencil Sharpener Electric Pencil Sharpener for Kids, Blade to Fast Sharpen, Suitable for No.2/School/Classroom/Office/Home (Black)</p><p> -23% 0FF </p><p>$9.99</p><a href="https://www.amazon.com/dp/B08DLXH86D?tag=eloabder-20&linkCode=osi&th=1&psc=1">View Product</a></div><div class="product"><a href="https://www.amazon.com/dp/B000GP0VIU?tag=eloabder-20&linkCode=osi&th=1&psc=1"><img src="https://m.media-amazon.com/images/I/318OKKSwzbL._SL500_.jpg" alt="Product Image"></a><p>Bostitch Office Wall Mount Manual Pencil Sharpener, Tip Saver, 8 Hole Dial, 6X Longer Cutter Life, Vertical or Horizontal Mounting Black (MPS1-BLK)</p><p> -9% 0FF </p><p>$13.18</p><a href="https://www.amazon.com/dp/B000GP0VIU?tag=eloabder-20&linkCode=osi&th=1&psc=1">View Product</a></div>
<div class="product"><a href="https://www.amazon.com/dp/B00094H4LU?tag=eloabder-20&linkCode=osi&th=1&psc=1"><img src="https://m.media-amazon.com/images/I/41f-fbZYU1L._SL500_.jpg" alt="Product Image"></a><p>Paper Mate Erasers | Pink Pearl Large Erasers 12 Count</p><p> -55% 0FF </p><p>$6.03</p><a href="https://www.amazon.com/dp/B00094H4LU?tag=eloabder-20&linkCode=osi&th=1&psc=1">View Product</a></div><div class="product"><a href="https://www.amazon.com/dp/B07DPVVMWB?tag=eloabder-20&linkCode=osi&th=1&psc=1"><img src="https://m.media-amazon.com/images/I/51wLlsENgiL._SL500_.jpg" alt="Product Image"></a><p>Mr. Pen Erasers for Pencils, 120 Pack, Pencil Top Erasers, Eraser Caps, Cap Tops, Topper Erasers. Ereaser</p><p> -24% 0FF </p><p>$5.95</p><a href="https://www.amazon.com/dp/B07DPVVMWB?tag=eloabder-20&linkCode=osi&th=1&psc=1">View Product</a></div><div class="product"><a href="https://www.amazon.com/dp/B07144DC8V?tag=eloabder-20&linkCode=osi&th=1&psc=1"><img src="https://m.media-amazon.com/images/I/51Ed1+HW9cL._SL500_.jpg" alt="Product Image"></a><p>Pentel Hi-Polymer Block Eraser, White, 10/Box (ZEH10PC10)</p><p> -44% 0FF </p><p>$9.99</p><a href="https://www.amazon.com/dp/B07144DC8V?tag=eloabder-20&linkCode=osi&th=1&psc=1">View Product</a></div><div class="product"><a href="https://www.amazon.com/dp/B0047CT6SE?tag=eloabder-20&linkCode=osi&th=1&psc=1"><img src="https://m.media-amazon.com/images/I/41bhWXKeeiL._SL500_.jpg" alt="Product Image"></a><p>Pentel Clic Retractable Eraser with Grip, 3 Pack</p><p> -29% 0FF </p><p>$4.77</p><a href="https://www.amazon.com/dp/B0047CT6SE?tag=eloabder-20&linkCode=osi&th=1&psc=1">View Product</a></div>
<div class="product"><a href="https://www.amazon.com/dp/B09S9X3HV7?tag=eloabder-20&linkCode=osi&th=1&psc=1"><img src="https://m.media-amazon.com/images/I/51GgMyfl5VL._SL500_.jpg" alt="Product Image"></a><p>Color Transparent Ruler Plastic Rulers - Ruler 12 inch, Kids Ruler for School, Ruler with Centimeters, Millimeter and Inches, Assorted Colors, Clear Rulers, 7 Pack School Rulers</p><p> -16% 0FF </p><p>$5.99</p><a href="https://www.amazon.com/dp/B09S9X3HV7?tag=eloabder-20&linkCode=osi&th=1&psc=1">View Product</a></div><div class="product"><a href="https://www.amazon.com/dp/B06XK9VQM4?tag=eloabder-20&linkCode=osi&th=1&psc=1"><img src="https://m.media-amazon.com/images/I/51Glln3n-nL._SL500_.jpg" alt="Product Image"></a><p>Outus 12 Pack Wood Ruler Bulk for Students Wooden School Rulers Gifts Office Classroom Measuring, 2 Scale, 12 Inch and 30 cm</p><p> -6% 0FF </p><p>$7.99</p><a href="https://www.amazon.com/dp/B06XK9VQM4?tag=eloabder-20&linkCode=osi&th=1&psc=1">View Product</a></div><div class="product"><a href="https://www.amazon.com/dp/B0B5MLTG7J?tag=eloabder-20&linkCode=osi&th=1&psc=1"><img src="https://m.media-amazon.com/images/I/51z9LUxLKmL._SL500_.jpg" alt="Product Image"></a><p>DAGONGREN 30 Pack Clear Plastic Rulers 12 Inch,Transparent Assorted Color Metric Bulk Rulers with Inches and Centimeters,Kids Ruler for School,Home,Office</p><p> -9% 0FF </p><p>$9.99</p><a href="https://www.amazon.com/dp/B0B5MLTG7J?tag=eloabder-20&linkCode=osi&th=1&psc=1">View Product</a></div><div class="product"><a href="https://www.amazon.com/dp/B096MPPF53?tag=eloabder-20&linkCode=osi&th=1&psc=1"><img src="https://m.media-amazon.com/images/I/51qUpElDRcS._SL500_.jpg" alt="Product Image"></a><p>Tenare 1 Set Plastic Clear Math Set Includes Protractor Triangle Rulers 12 Inch 6 Inch Straight Geometry Math Transparent Ruler Measuring Tool for School Office Home Supplies(Clear)</p><p> -25% 0FF </p><p>$5.98</p><a href="https://www.amazon.com/dp/B096MPPF53?tag=eloabder-20&linkCode=osi&th=1&psc=1">View Product</a></div>
<div class="product"><a href="https://www.amazon.com/dp/B07YDDX4JL?tag=eloabder-20&linkCode=osi&th=1&psc=1"><img src="https://m.media-amazon.com/images/I/41oBPZwCRLL._SL500_.jpg" alt="Product Image"></a><p>3-Pack 8" Heavy Duty Scissors with Ultra Sharp Blades and Comfort Grip Handles - For Office, Home, School, Sewing, and Crafts</p><p> -15% 0FF </p><p>$8.49 ($2.83 / Count)</p><a href="https://www.amazon.com/dp/B07YDDX4JL?tag=eloabder-20&linkCode=osi&th=1&psc=1">View Product</a></div><div class="product"><a href="https://www.amazon.com/dp/B01BRGU8R0?tag=eloabder-20&linkCode=osi&th=1&psc=1"><img src="https://m.media-amazon.com/images/I/41ANVra+eNL._SL500_.jpg" alt="Product Image"></a><p>Amazon Basics Stainless Steel Scissors for Office, Crafts, Multipurpose, Sharp, Comfort Grip, PVD Coated, 3 Pack, Multicolor</p><p> -45% 0FF </p><p>$7.55</p><a href="https://www.amazon.com/dp/B01BRGU8R0?tag=eloabder-20&linkCode=osi&th=1&psc=1">View Product</a></div><div class="product"><a href="https://www.amazon.com/dp/B000P0LNRE?tag=eloabder-20&linkCode=osi&th=1&psc=1"><img src="https://m.media-amazon.com/images/I/41fWgMTO0JL._SL500_.jpg" alt="Product Image"></a><p>Westcott 8-Inch Titanium-Bonded Scissors with Adjustable Glide Feature for Office and Home - Gray/Yellow, 2-Pack</p><p> -33% 0FF </p><p>$9.97</p><a href="https://www.amazon.com/dp/B000P0LNRE?tag=eloabder-20&linkCode=osi&th=1&psc=1">View Product</a></div>
<div class="product"><a href="https://www.amazon.com/dp/B074ZRZ4CZ?tag=eloabder-20&linkCode=osi&th=1&psc=1"><img src="https://m.media-amazon.com/images/I/41bu+HKxC2L._SL500_.jpg" alt="Product Image"></a><p>Swingline Commercial Stapler, 20 Sheet Capacity, Jam Free, Metal, 2 Pack, Black (44401AZ)</p><p> -5% 0FF </p><p>$18.98</p><a href="https://www.amazon.com/dp/B074ZRZ4CZ?tag=eloabder-20&linkCode=osi&th=1&psc=1">View Product</a></div><div class="product"><a href="https://www.amazon.com/dp/B001PME62K?tag=eloabder-20&linkCode=osi&th=1&psc=1"><img src="https://m.media-amazon.com/images/I/41gbaJu-3iL._SL500_.jpg" alt="Product Image"></a><p>Swingline Stapler, 40 Sheet Capacity, Optima 40, Jam Free, Reduced Effort, Soft Grip, Metal, Orange and Gray (87845)</p><p> -14% 0FF </p><p>$24.19</p><a href="https://www.amazon.com/dp/B001PME62K?tag=eloabder-20&linkCode=osi&th=1&psc=1">View Product</a></div><div class="product"><a href="https://www.amazon.com/dp/B0D2JBKYM1?tag=eloabder-20&linkCode=osi&th=1&psc=1"><img src="https://m.media-amazon.com/images/I/41zFTU9QpfL._SL500_.jpg" alt="Product Image"></a><p>Bostitch Office Stapler, No-Jam Premium for Desktop, Includes 1,250 Staples, Full-Strip, 25 Sheet Capacity, Black</p><p> -26% 0FF </p><p>$6.99</p><a href="https://www.amazon.com/dp/B0D2JBKYM1?tag=eloabder-20&linkCode=osi&th=1&psc=1">View Product</a></div><div class="product"><a href="https://www.amazon.com/dp/B0CC5GJKM1?tag=eloabder-20&linkCode=osi&th=1&psc=1"><img src="https://m.media-amazon.com/images/I/41JDDoSZQiL._SL500_.jpg" alt="Product Image"></a><p>Metal Stapler Heavy Duty 50 Sheet Capacity with 1750 Staples and Staple Remover, Full Strip Staplers for Desk, No Jam, Non-Slip for Office & Classroom, Black</p><p> -33% 0FF </p><p>$13.29</p><a href="https://www.amazon.com/dp/B0CC5GJKM1?tag=eloabder-20&linkCode=osi&th=1&psc=1">View Product</a></div><div class="product"><a href="https://www.amazon.com/dp/B0006HUQZ6?tag=eloabder-20&linkCode=osi&th=1&psc=1"><img src="https://m.media-amazon.com/images/I/31e-T-f1TGL._SL500_.jpg" alt="Product Image"></a><p>Swingline Stapler, 30 Sheet Capacity, 747 Business Stapler, Jam Free, Metal, Rio Red (74736)</p><p> -23% 0FF </p><p>$15.30</p><a href="https://www.amazon.com/dp/B0006HUQZ6?tag=eloabder-20&linkCode=osi&th=1&psc=1">View Product</a></div>
<div class="product"><a href="https://www.amazon.com/dp/B00J8PJJF0?tag=eloabder-20&linkCode=osi&th=1&psc=1"><img src="https://m.media-amazon.com/images/I/418dc+5ZGkL._SL500_.jpg" alt="Product Image"></a><p>Bostitch Office Premium Standard Staples, 1/4" Full Strip, Box of 5,000 Staples</p><p> -27% 0FF </p><p>$4.39</p><a href="https://www.amazon.com/dp/B00J8PJJF0?tag=eloabder-20&linkCode=osi&th=1&psc=1">View Product</a></div><div class="product"><a href="https://www.amazon.com/dp/B079VYR12V?tag=eloabder-20&linkCode=osi&th=1&psc=1"><img src="https://m.media-amazon.com/images/I/51xAt88vqrL._SL500_.jpg" alt="Product Image"></a><p>Officemate Standard Staples, 10 Boxes General Purpose Staple (91950)</p><p> -10% 0FF </p><p>$14.37</p><a href="https://www.amazon.com/dp/B079VYR12V?tag=eloabder-20&linkCode=osi&th=1&psc=1">View Product</a></div><div class="product"><a href="https://www.amazon.com/dp/B00006IFMQ?tag=eloabder-20&linkCode=osi&th=1&psc=1"><img src="https://m.media-amazon.com/images/I/51UsWZuFq8L._SL500_.jpg" alt="Product Image"></a><p>Bostitch Office B8 PowerCrown 0.25 Inch Staples, Pack of 5,000 Staples (STCRP21151/4), Silver</p><p> -30% 0FF </p><p>$2.33</p><a href="https://www.amazon.com/dp/B00006IFMQ?tag=eloabder-20&linkCode=osi&th=1&psc=1">View Product</a></div>
<div class="product"><a href="https://www.amazon.com/dp/B000J07BRQ?tag=eloabder-20&linkCode=osi&th=1&psc=1"><img src="https://m.media-amazon.com/images/I/51QpJKjajbL._SL500_.jpg" alt="Product Image"></a><p>Scotch Heavy Duty Shipping Packing Tape, Clear, Packing Tape for Moving Boxes and Packaging Supplies, 1.88 in. x 22.2 yd., 6 Roll Dispensers, Moving Supplies</p><p> -35% 0FF </p><p>$12.99</p><a href="https://www.amazon.com/dp/B000J07BRQ?tag=eloabder-20&linkCode=osi&th=1&psc=1">View Product</a></div><div class="product"><a href="https://www.amazon.com/dp/B0000DH8HQ?tag=eloabder-20&linkCode=osi&th=1&psc=1"><img src="https://m.media-amazon.com/images/I/414lAY+087L._SL500_.jpg" alt="Product Image"></a><p>Scotch Magic Tape, Invisible Transparent Tape, 6 Tape Rolls with Dispensers, 3/4 in x 650 in</p><p> -23% 0FF </p><p>$12.34</p><a href="https://www.amazon.com/dp/B0000DH8HQ?tag=eloabder-20&linkCode=osi&th=1&psc=1">View Product</a></div><div class="product"><a href="https://www.amazon.com/dp/B0DQHV6X92?tag=eloabder-20&linkCode=osi&th=1&psc=1"><img src="https://m.media-amazon.com/images/I/51ViCFlgldL._SL500_.jpg" alt="Product Image"></a><p>BeataTap Tape, Invisible Tape, 6 Rolls + 6 Refillable Dispensers, Matte Finish, Writable, 3/4″ x 650″, Transparent Tape, Clear Tape for Gift Wrapping Paper, School Supplies</p><p> -15% 0FF </p><p>$5.94 ($0.99 / Count)</p><a href="https://www.amazon.com/dp/B0DQHV6X92?tag=eloabder-20&linkCode=osi&th=1&psc=1">View Product</a></div><div class="product"><a href="https://www.amazon.com/dp/B07CB6LN5S?tag=eloabder-20&linkCode=osi&th=1&psc=1"><img src="https://m.media-amazon.com/images/I/41NNyeISnjL._SL500_.jpg" alt="Product Image"></a><p>Scotch Super-Hold Tape, 2 Rolls, Transparent Finish, 50% More Adhesive, Trusted Favorite, 3/4 x 600 Inches, Dispensered (198DM-2)</p><p> -30% 0FF </p><p>$5.97</p><a href="https://www.amazon.com/dp/B07CB6LN5S?tag=eloabder-20&linkCode=osi&th=1&psc=1">View Product</a></div><div class="product"><a href="https://www.amazon.com/dp/B00464740A?tag=eloabder-20&linkCode=osi&th=1&psc=1"><img src="https://m.media-amazon.com/images/I/51ZPFoiGfuL._SL500_.jpg" alt="Product Image"></a><p>Scotch Sure Start Shipping Packaging Tape, 1.88" x 22.2 yd, Designed for Packing, Shipping and Mailing, Quiet Unwind, No Splitting or Tearing, 1.5" Core, Clear, 6 Dispensered Rolls (145-6)</p><p> -28% 0FF </p><p>$13.48</p><a href="https://www.amazon.com/dp/B00464740A?tag=eloabder-20&linkCode=osi&th=1&psc=1">View Product</a></div><div class="product"><a href="https://www.amazon.com/dp/B09C6LLG9P?tag=eloabder-20&linkCode=osi&th=1&psc=1"><img src="https://m.media-amazon.com/images/I/41rbv66ZNBL._SL500_.jpg" alt="Product Image"></a><p>Scotch Box Lock Packaging Tape, 1 Roll with Dispenser, 1.88 in x 1000 in, Extreme Grip, Sticks Instantly to Any Box (195L)</p><p> -31% 0FF </p><p>$4.12</p><a href="https://www.amazon.com/dp/B09C6LLG9P?tag=eloabder-20&linkCode=osi&th=1&psc=1">View Product</a></div>
<div class="product"><a href="https://www.amazon.com/dp/B08QQZ71CV?tag=eloabder-20&linkCode=osi&th=1&psc=1"><img src="https://m.media-amazon.com/images/I/51Foz0aGYoS._SL500_.jpg" alt="Product Image"></a><p>Gorilla Super Glue, Clear Glue, Four 3 Gram Tubes (Pack of 1) - All Purpose and Fast Setting for Projects and Repairs</p><p> -25% 0FF </p><p>$9.49 ($22.60 / Ounce)</p><a href="https://www.amazon.com/dp/B08QQZ71CV?tag=eloabder-20&linkCode=osi&th=1&psc=1">View Product</a></div><div class="product"><a href="https://www.amazon.com/dp/B07J6R3GK7?tag=eloabder-20&linkCode=osi&th=1&psc=1"><img src="https://m.media-amazon.com/images/I/31kdOjGBkpL._SL500_.jpg" alt="Product Image"></a><p>Amazon Basics All Purpose Washable School Clear Liquid Glue - Great for Making Slime, 128 fl oz</p><p> -6% 0FF </p><p>$16.13</p><a href="https://www.amazon.com/dp/B07J6R3GK7?tag=eloabder-20&linkCode=osi&th=1&psc=1">View Product</a></div><div class="product"><a href="https://www.amazon.com/dp/B00178QQJ8?tag=eloabder-20&linkCode=osi&th=1&psc=1"><img src="https://m.media-amazon.com/images/I/41zs6k410RL._SL500_.jpg" alt="Product Image"></a><p>Mod Podge Gloss Sealer, Glue & Finish: All-in-One Craft Solution- Quick Dry, Easy Clean, for Wood, Paper, Fabric & More. Non-Toxic - Craft with Confidence, Made in USA, 16 oz., Pack of 1</p><p> -36% 0FF </p><p>$7.99 ($0.50 / Fl Oz)</p><a href="https://www.amazon.com/dp/B00178QQJ8?tag=eloabder-20&linkCode=osi&th=1&psc=1">View Product</a></div><div class="product"><a href="https://www.amazon.com/dp/B073V14DZJ?tag=eloabder-20&linkCode=osi&th=1&psc=1"><img src="https://m.media-amazon.com/images/I/31Iyy5+vk6L._SL500_.jpg" alt="Product Image"></a><p>Amazon Basics All Purpose Washable School Craft Liquid Glue for Making Slime, White, Single Pack, 1 Gallon</p><p> -7% 0FF </p><p>$15.54</p><a href="https://www.amazon.com/dp/B073V14DZJ?tag=eloabder-20&linkCode=osi&th=1&psc=1">View Product</a></div><div class="product"><a href="https://www.amazon.com/dp/B0006HUJCQ?tag=eloabder-20&linkCode=osi&th=1&psc=1"><img src="https://m.media-amazon.com/images/I/511pTqChTCL._SL500_.jpg" alt="Product Image"></a><p>Loctite Super Glue Gel Control, Clear, 0.14 fl oz Bottle, 1 Pack - Superglue for Plastic, Wood, Metal, Crafts & Repair, Cyanoacrylate Adhesive Instant Glue, Quick Dry</p><p> -13% 0FF </p><p>$3.64 ($26.00 / Fl Oz)</p><a href="https://www.amazon.com/dp/B0006HUJCQ?tag=eloabder-20&linkCode=osi&th=1&psc=1">View Product</a></div>
<div class="product"><a href="https://www.amazon.com/dp/B074XTRX7K?tag=eloabder-20&linkCode=osi&th=1&psc=1"><img src="https://m.media-amazon.com/images/I/31rOPIrMfDL._SL500_.jpg" alt="Product Image"></a><p>Amazon Basics Sturdy Binder Clips for Office Use, 96 Count (8 Pack of 12), Medium, 1.25 in, Black</p><p> -26% 0FF </p><p>$7.48</p><a href="https://www.amazon.com/dp/B074XTRX7K?tag=eloabder-20&linkCode=osi&th=1&psc=1">View Product</a></div><div class="product"><a href="https://www.amazon.com/dp/B00TQ8FDB8?tag=eloabder-20&linkCode=osi&th=1&psc=1"><img src="https://m.media-amazon.com/images/I/51y7lUrMLnL._SL500_.jpg" alt="Product Image"></a><p>ACCO Binder Clips, Medium, Black, 12 per Box, 2 Boxes (72062)</p><p> -25% 0FF </p><p>$5.96</p><a href="https://www.amazon.com/dp/B00TQ8FDB8?tag=eloabder-20&linkCode=osi&th=1&psc=1">View Product</a></div><div class="product"><a href="https://www.amazon.com/dp/B08KWCDP3C?tag=eloabder-20&linkCode=osi&th=1&psc=1"><img src="https://m.media-amazon.com/images/I/41qucDz6HuL._SL500_.jpg" alt="Product Image"></a><p>Ufmarine Medium Binder Clips 1.25 inch Length, (40 Pcs) Colorful Paper Clips Medium for Office</p><p> -12% 0FF </p><p>$5.99</p><a href="https://www.amazon.com/dp/B08KWCDP3C?tag=eloabder-20&linkCode=osi&th=1&psc=1">View Product</a></div>
<div class="product"><a href="https://www.amazon.com/dp/B09XQLJFDD?tag=eloabder-20&linkCode=osi&th=1&psc=1"><img src="https://m.media-amazon.com/images/I/41iiSFMy4uL._SL500_.jpg" alt="Product Image"></a><p>PAPERPAL Paperclips for Office School & Personal Use, #1 Nonskid Paper Clip (1-2/7"), 600 Medium Paper Clips (6 Boxes of 100 Each), Silver</p><p> -20% 0FF </p><p>$7.99</p><a href="https://www.amazon.com/dp/B09XQLJFDD?tag=eloabder-20&linkCode=osi&th=1&psc=1">View Product</a></div>

<div class="product"><a href="https://www.amazon.com/dp/B004I2G8NO?tag=eloabder-20&linkCode=osi&th=1&psc=1"><img src="https://m.media-amazon.com/images/I/51WEsLRINGL._SL500_.jpg" alt="Product Image"></a><p>Business Source Rubber Band, Natural (1914LB)</p><p> -26% 0FF </p><p>$4.00</p><a href="https://www.amazon.com/dp/B004I2G8NO?tag=eloabder-20&linkCode=osi&th=1&psc=1">View Product</a></div><div class="product"><a href="https://www.amazon.com/dp/B077GDY1LP?tag=eloabder-20&linkCode=osi&th=1&psc=1"><img src="https://m.media-amazon.com/images/I/41nn0nmNTiL._SL500_.jpg" alt="Product Image"></a><p>ANNIE 1000 RUBBER BANDS 1/2" #BLACK</p><p> -7% 0FF </p><p>$4.90 ($1.22 / Count)</p><a href="https://www.amazon.com/dp/B077GDY1LP?tag=eloabder-20&linkCode=osi&th=1&psc=1">View Product</a></div><div class="product"><a href="https://www.amazon.com/dp/B000783OPI?tag=eloabder-20&linkCode=osi&th=1&psc=1"><img src="https://m.media-amazon.com/images/I/510okXKzMqL._SL500_.jpg" alt="Product Image"></a><p>Universal 00419 19-Size Rubber Bands (335 Per Pack), Beige</p><p> -29% 0FF </p><p>$3.44</p><a href="https://www.amazon.com/dp/B000783OPI?tag=eloabder-20&linkCode=osi&th=1&psc=1">View Product</a></div><div class="product"><a href="https://www.amazon.com/dp/B00006IBRU?tag=eloabder-20&linkCode=osi&th=1&psc=1"><img src="https://m.media-amazon.com/images/I/51pU5khkX8L._SL500_.jpg" alt="Product Image"></a><p>ALL26335 - Alliance Rubber 26335 Advantage Rubber Bands - Size #33, Natural, 1 Pound 3 x 1/8 inches</p><p> -62% 0FF </p><p>$3.29</p><a href="https://www.amazon.com/dp/B00006IBRU?tag=eloabder-20&linkCode=osi&th=1&psc=1">View Product</a></div>
<div class="product"><a href="https://www.amazon.com/dp/B0DSKTZBB6?tag=eloabder-20&linkCode=osi&th=1&psc=1"><img src="https://m.media-amazon.com/images/I/415YD3kNFlL._SL500_.jpg" alt="Product Image"></a><p>300 Count Colored Index Cards 3 x 5 Inch Ruled Index Cards, Flash Cards College Ruled for School, College, Office and Home Organization, Durable Study To Do List Note Cards with Ruled Lines</p><p> -10% 0FF </p><p>$6.29</p><a href="https://www.amazon.com/dp/B0DSKTZBB6?tag=eloabder-20&linkCode=osi&th=1&psc=1">View Product</a></div><div class="product"><a href="https://www.amazon.com/dp/B09JYQZQ3V?tag=eloabder-20&linkCode=osi&th=1&psc=1"><img src="https://m.media-amazon.com/images/I/41y5vfnutuL._SL500_.jpg" alt="Product Image"></a><p>Oxford Index Cards, 3 x 5 Inches, White, Lined on Front, Blank on Back, Flashcards for School and Studying, Recipe Note Cards, 500 Count (5 Packs of 100) (40176)</p><p> -22% 0FF </p><p>$7.01</p><a href="https://www.amazon.com/dp/B09JYQZQ3V?tag=eloabder-20&linkCode=osi&th=1&psc=1">View Product</a></div>
<div class="product"><a href="https://www.amazon.com/dp/B00P9U2EM8?tag=eloabder-20&linkCode=osi&th=1&psc=1"><img src="https://m.media-amazon.com/images/I/41Op5kyIukL._SL500_.jpg" alt="Product Image"></a><p>Mead Spiral Notebook, 6 Pack, 1 Subject, College Ruled Paper, 7-1/2" x 10-1/2", 70 Sheets per Notebook, Colors Will Vary (830062-ECM25)</p><p> -46% 0FF </p><p>$6.71</p><a href="https://www.amazon.com/dp/B00P9U2EM8?tag=eloabder-20&linkCode=osi&th=1&psc=1">View Product</a></div><div class="product"><a href="https://www.amazon.com/dp/B0CQN8FVJX?tag=eloabder-20&linkCode=osi&th=1&psc=1"><img src="https://m.media-amazon.com/images/I/414WVVoGFPL._SL500_.jpg" alt="Product Image"></a><p>SUNEE Spiral Notebooks, 1-Subject, 5 Pack, College Ruled Paper, 8" x 10-1/2", 70 Sheets per Notebook,3-Hole Punched Paper, Pink,Purple, Blue, Green, Yellow Spiral Lined Notebooks for School,Work</p><p> -29% 0FF </p><p>$9.99</p><a href="https://www.amazon.com/dp/B0CQN8FVJX?tag=eloabder-20&linkCode=osi&th=1&psc=1">View Product</a></div><div class="product"><a href="https://www.amazon.com/dp/B08NYRMWZ8?tag=eloabder-20&linkCode=osi&th=1&psc=1"><img src="https://m.media-amazon.com/images/I/41y1cnNXtOL._SL500_.jpg" alt="Product Image"></a><p>Yansanido Spiral Notebook, 4 Pcs 8.3 Inch x 5.9 Inch A5 Thick Plastic Hardcover 8mm Ruled 4 Color 80 Sheets -160 Pages Journals for Study and Notes (style 10-Wine Red,Brown,Green,ivory, A5)</p><p> -23% 0FF </p><p>$9.99</p><a href="https://www.amazon.com/dp/B08NYRMWZ8?tag=eloabder-20&linkCode=osi&th=1&psc=1">View Product</a></div><div class="product"><a href="https://www.amazon.com/dp/B08VF9VYLZ?tag=eloabder-20&linkCode=osi&th=1&psc=1"><img src="https://m.media-amazon.com/images/I/41ktUSmtHAL._SL500_.jpg" alt="Product Image"></a><p>Oxford Spiral Notebooks, 6 Pack, 1 Subject, Wide Ruled Notebooks for School, 8 x 10.5 Inches, 70 Sheets, Assorted Pastel Colors, Back to School Supplies (63757)</p><p> -6% 0FF </p><p>$8.99</p><a href="https://www.amazon.com/dp/B08VF9VYLZ?tag=eloabder-20&linkCode=osi&th=1&psc=1">View Product</a></div>
<div class="product"><a href="https://www.amazon.com/dp/B0FDRCSXZH?tag=eloabder-20&linkCode=osi&th=1&psc=1"><img src="https://m.media-amazon.com/images/I/41rYztS-0zL._SL500_.jpg" alt="Product Image"></a><p>5pcs Small Note Pads, Color Notepads 5x8 College Ruled Notebook, Writing Pads 5 x 8, Legal Pads, Memo Pad Paper Perforate Narrow Ruled Notebooks for Work, School, Office Supplies,30 Sheets/Pack</p><p> -14% 0FF </p><p>$5.99</p><a href="https://www.amazon.com/dp/B0FDRCSXZH?tag=eloabder-20&linkCode=osi&th=1&psc=1">View Product</a></div><div class="product"><a href="https://www.amazon.com/dp/B0BZQNCV62?tag=eloabder-20&linkCode=osi&th=1&psc=1"><img src="https://m.media-amazon.com/images/I/41yNqvqCwoL._SL500_.jpg" alt="Product Image"></a><p>Alitte Legal Notepads 8.5 x 11, Pack of 12 - Perforated Wide Ruled Writing Pad - Premium Thick Paper, No Ink Bleeding - Blank Legal Pads For Home, Office, School, Business - 50 Sheets Per Notebook</p><p> -17% 0FF </p><p>$24.99</p><a href="https://www.amazon.com/dp/B0BZQNCV62?tag=eloabder-20&linkCode=osi&th=1&psc=1">View Product</a></div>
<div class="product"><a href="https://www.amazon.com/dp/B0C7S1PCX4?tag=eloabder-20&linkCode=osi&th=1&psc=1"><img src="https://m.media-amazon.com/images/I/41nVRBg2klL._SL500_.jpg" alt="Product Image"></a><p>Oxford 8.5 x 11 Legal Pads, 12 Pack, Wide Ruled, Yellow Paper, 50 Sheets Per Writing Pad, Made in the USA (74020)</p><p> -30% 0FF </p><p>$12.60</p><a href="https://www.amazon.com/dp/B0C7S1PCX4?tag=eloabder-20&linkCode=osi&th=1&psc=1">View Product</a></div><div class="product"><a href="https://www.amazon.com/dp/B0CGF22134?tag=eloabder-20&linkCode=osi&th=1&psc=1"><img src="https://m.media-amazon.com/images/I/41FzLgeXAyL._SL500_.jpg" alt="Product Image"></a><p>MSKKSM Legal Pads 8.5 x 11, 3 Pack Yellow Note Pads 8.5 x 11 Writing Pads, Wide Ruled Legal Notepads, Lined Pads of Paper Yellow Paper Pads, 30 Sheets Per Notepad for School, Home, Office, Business</p><p> -17% 0FF </p><p>$9.99</p><a href="https://www.amazon.com/dp/B0CGF22134?tag=eloabder-20&linkCode=osi&th=1&psc=1">View Product</a></div><div class="product"><a href="https://www.amazon.com/dp/B0FCMWHFC2?tag=eloabder-20&linkCode=osi&th=1&psc=1"><img src="https://m.media-amazon.com/images/I/41MMVFB-S4L._SL500_.jpg" alt="Product Image"></a><p>5pcs Legal Pads 8.5 x 11, Notepads 8.5 x 11 Inch, Color Note Pads Clear Print Writing Pads of Paper, Memo Pads , Perforate Legal Notepads Paper , Wide Ruled Lined with Sturdy Back,30 Sheets/Pack</p><p> -8% 0FF </p><p>$11.99</p><a href="https://www.amazon.com/dp/B0FCMWHFC2?tag=eloabder-20&linkCode=osi&th=1&psc=1">View Product</a></div>
<div class="product"><a href="https://www.amazon.com/dp/B08H593JZG?tag=eloabder-20&linkCode=osi&th=1&psc=1"><img src="https://m.media-amazon.com/images/I/415Ykzo-lyL._SL500_.jpg" alt="Product Image"></a><p>Eastern Wolf 8 Pads Sticky Notes 3x3 Self-Stick Notes 8 Bright Multi Colors Purple Sticky Notes, 85 Sheet/Pad</p><p> -20% 0FF </p><p>$5.59</p><a href="https://www.amazon.com/dp/B08H593JZG?tag=eloabder-20&linkCode=osi&th=1&psc=1">View Product</a></div><div class="product"><a href="https://www.amazon.com/dp/B0BPJW13CM?tag=eloabder-20&linkCode=osi&th=1&psc=1"><img src="https://m.media-amazon.com/images/I/41uKwTyz1rL._SL500_.jpg" alt="Product Image"></a><p>Post-it 100% Recycled Paper Super Sticky Notes, 2X The Sticking Power, 3x3 in, 5 Pads, 70 Sheets/Pad, Wanderlust Pastels Collection (654R-5SSNRP)</p><p> -33% 0FF </p><p>$5.98</p><a href="https://www.amazon.com/dp/B0BPJW13CM?tag=eloabder-20&linkCode=osi&th=1&psc=1">View Product</a></div><div class="product"><a href="https://www.amazon.com/dp/B0D6RPPK9H?tag=eloabder-20&linkCode=osi&th=1&psc=1"><img src="https://m.media-amazon.com/images/I/41O8zZ-RN4L._SL500_.jpg" alt="Product Image"></a><p>(18 Pads) Sticky Notes 3x3 inch, Self-Stick Pads Bright Colors Sticky Note, Recyclable, Easy to Post for Home, Office, Notebook</p><p> -40% 0FF </p><p>$8.39</p><a href="https://www.amazon.com/dp/B0D6RPPK9H?tag=eloabder-20&linkCode=osi&th=1&psc=1">View Product</a></div><div class="product"><a href="https://www.amazon.com/dp/B0CMGJ6FRB?tag=eloabder-20&linkCode=osi&th=1&psc=1"><img src="https://m.media-amazon.com/images/I/41xF9DqIGZL._SL500_.jpg" alt="Product Image"></a><p>Sticky Notes, 12 Pads, 3x3 inches, Soft Pastel Self-Stick Note Pads, Perfect for Office, Study, and Daily Life Organization - Soft Pastel</p><p> -16% 0FF </p><p>$5.06</p><a href="https://www.amazon.com/dp/B0CMGJ6FRB?tag=eloabder-20&linkCode=osi&th=1&psc=1">View Product</a></div>
<div class="product"><a href="https://www.amazon.com/dp/B07VRYX57R?tag=eloabder-20&linkCode=osi&th=1&psc=1"><img src="https://m.media-amazon.com/images/I/410XbLRqukL._SL500_.jpg" alt="Product Image"></a><p>(24 Pack) Sticky Notes 3x3 in Post Bright Stickies Colorful Super Sticking Power Memo Pads, Strong Adhesive, 74 Sheets/pad</p><p> -35% 0FF </p><p>$16.99</p><a href="https://www.amazon.com/dp/B07VRYX57R?tag=eloabder-20&linkCode=osi&th=1&psc=1">View Product</a></div><div class="product"><a href="https://www.amazon.com/dp/B00QSR9PRI?tag=eloabder-20&linkCode=osi&th=1&psc=1"><img src="https://m.media-amazon.com/images/I/31n-YNlgraL._SL500_.jpg" alt="Product Image"></a><p>Amazon Basics Narrow Ruled Lined Writing Note Pad, 5 inch x 8 inch, White, 12 Count (12 Pack of 50 pages)</p><p> -6% 0FF </p><p>$8.78</p><a href="https://www.amazon.com/dp/B00QSR9PRI?tag=eloabder-20&linkCode=osi&th=1&psc=1">View Product</a></div><div class="product"><a href="https://www.amazon.com/dp/B0D5M4D3NN?tag=eloabder-20&linkCode=osi&th=1&psc=1"><img src="https://m.media-amazon.com/images/I/41uzPvHBCDL._SL500_.jpg" alt="Product Image"></a><p>(12 Pack) Lined Sticky Notes 4x6 in Ruled Stickies Super Sticking Power Memo Pads Bright Colors</p><p> -40% 0FF </p><p>$8.98</p><a href="https://www.amazon.com/dp/B0D5M4D3NN?tag=eloabder-20&linkCode=osi&th=1&psc=1">View Product</a></div><div class="product"><a href="https://www.amazon.com/dp/B0CQK3M5VK?tag=eloabder-20&linkCode=osi&th=1&psc=1"><img src="https://m.media-amazon.com/images/I/31jKEzc1qFL._SL500_.jpg" alt="Product Image"></a><p>Note Pads 4x6 Inch, 6 Pack Blank Scratch Pads, 50 Sheets Per Memo Pad for Writing, White Pad of Paper Suit for Home, Office and School, Tear off Notepad, Small Server Notebook</p><p> -10% 0FF </p><p>$6.29</p><a href="https://www.amazon.com/dp/B0CQK3M5VK?tag=eloabder-20&linkCode=osi&th=1&psc=1">View Product</a></div>
<div class="product"><a href="https://www.amazon.com/dp/B0F5D4VNBX?tag=eloabder-20&linkCode=osi&th=1&psc=1"><img src="https://m.media-amazon.com/images/I/41SnXbixNcL._SL500_.jpg" alt="Product Image"></a><p>Blue Sky 2026 Weekly and Monthly Planner Calendar, Includes January 2026 - December 2026, 5" x 8", Flexible Cover, Wirebound, Laminated Tabs, Enterprise</p><p> -10% 0FF </p><p>$8.99</p><a href="https://www.amazon.com/dp/B0F5D4VNBX?tag=eloabder-20&linkCode=osi&th=1&psc=1">View Product</a></div><div class="product"><a href="https://www.amazon.com/dp/B0FRNQDRCR?tag=eloabder-20&linkCode=osi&th=1&psc=1"><img src="https://m.media-amazon.com/images/I/51rBf1oJchL._SL500_.jpg" alt="Product Image"></a><p>Essential PRO 2026 Daily, Weekly & Monthly Planner, 7"x9": 14 Months (Nov 2025 - Dec 2026) Monthly Tabs,Daily Tracking,Notes Pages,Storage Pocket,Bookmark w Sticky Notes (Tree Seasons)</p><p> -14% 0FF </p><p>$29.95</p><a href="https://www.amazon.com/dp/B0FRNQDRCR?tag=eloabder-20&linkCode=osi&th=1&psc=1">View Product</a></div><div class="product"><a href="https://www.amazon.com/dp/B0DYBQWJ5S?tag=eloabder-20&linkCode=osi&th=1&psc=1"><img src="https://m.media-amazon.com/images/I/41UP6Ui7BjL._SL500_.jpg" alt="Product Image"></a><p>AT-A-GLANCE 2026 Appointment Book Planner, Weekly, 8" x 11", Large, Quarter-Hourly, DayMinder, Black (G5200026)</p><p> -45% 0FF </p><p>$15.87</p><a href="https://www.amazon.com/dp/B0DYBQWJ5S?tag=eloabder-20&linkCode=osi&th=1&psc=1">View Product</a></div><div class="product"><a href="https://www.amazon.com/dp/B0DJ8SXCR4?tag=eloabder-20&linkCode=osi&th=1&psc=1"><img src="https://m.media-amazon.com/images/I/41sRmmLvCsL._SL500_.jpg" alt="Product Image"></a><p>Planner 2025-2026, Weekly and Monthly Calendar Academic Planner (July 2025 - June 2026), Hardcover Teacher School Student Agenda with Tabs, Ideal for School Office Supplies, A5 (6.3" x 8.5") - Green</p><p> -25% 0FF </p><p>$8.99</p><a href="https://www.amazon.com/dp/B0DJ8SXCR4?tag=eloabder-20&linkCode=osi&th=1&psc=1">View Product</a></div><div class="product"><a href="https://www.amazon.com/dp/B0D2VW43KP?tag=eloabder-20&linkCode=osi&th=1&psc=1"><img src="https://m.media-amazon.com/images/I/41eyA1Q1U4L._SL500_.jpg" alt="Product Image"></a><p>Forvencer 2026 Planner, Hardcover Calendar Planner Weekly and Monthly, January 2026 - December 2026, 8.5" x 11", Spiral Agenda Book with Tabs, Exquisite Daily Journal with Inner Pocket, Organizer Notebook for Office Home School, A4 Size, Green</p><p> -41% 0FF </p><p>$9.99</p><a href="https://www.amazon.com/dp/B0D2VW43KP?tag=eloabder-20&linkCode=osi&th=1&psc=1">View Product</a></div>
<div class="product"><a href="https://www.amazon.com/dp/B0DYBYRY3R?tag=eloabder-20&linkCode=osi&th=1&psc=1"><img src="https://m.media-amazon.com/images/I/41oxPcKnCuL._SL500_.jpg" alt="Product Image"></a><p>AT-A-GLANCE 2026 Desk Calendar, Monthly, Desk Pad, 21-3/4" x 17", Large, Ruled Blocks (SK240026)</p><p> -19% 0FF </p><p>$11.89</p><a href="https://www.amazon.com/dp/B0DYBYRY3R?tag=eloabder-20&linkCode=osi&th=1&psc=1">View Product</a></div><div class="product"><a href="https://www.amazon.com/dp/B0DXQ416QR?tag=eloabder-20&linkCode=osi&th=1&psc=1"><img src="https://m.media-amazon.com/images/I/41o3YUjfIVL._SL500_.jpg" alt="Product Image"></a><p>Aesthetic 2025-2026 Wall Calendar - Runs from May 2025 Until December 2026 - The Perfect Modern Calendar Planner for Easy Organizing</p><p> -43% 0FF </p><p>$3.99</p><a href="https://www.amazon.com/dp/B0DXQ416QR?tag=eloabder-20&linkCode=osi&th=1&psc=1">View Product</a></div><div class="product"><a href="https://www.amazon.com/dp/B0CCRXKSK8?tag=eloabder-20&linkCode=osi&th=1&psc=1"><img src="https://m.media-amazon.com/images/I/51eOdkimr+L._SL500_.jpg" alt="Product Image"></a><p>SUNEE Wall Calendar 2025-2026 Large 22.75"x15.5", 21 Month Calendar from October 2025 to June 2027, Vertical Extra Large Monthly Calendar 2026 for Wall, Seasons Color</p><p> -24% 0FF </p><p>$15.19</p><a href="https://www.amazon.com/dp/B0CCRXKSK8?tag=eloabder-20&linkCode=osi&th=1&psc=1">View Product</a></div><div class="product"><a href="https://www.amazon.com/dp/B0F7HZ7C9G?tag=eloabder-20&linkCode=osi&th=1&psc=1"><img src="https://m.media-amazon.com/images/I/41rkKO18HGL._SL500_.jpg" alt="Product Image"></a><p>Beautiful 2025-2026 Wall Calendar - Runs from July 2025 until December 2026 – Large 14.5" x 11.5" Office Wall Calendar for Easy Organizing</p><p> -10% 0FF </p><p>$8.99</p><a href="https://www.amazon.com/dp/B0F7HZ7C9G?tag=eloabder-20&linkCode=osi&th=1&psc=1">View Product</a></div><div class="product"><a href="https://www.amazon.com/dp/B0DYDC7ZLV?tag=eloabder-20&linkCode=osi&th=1&psc=1"><img src="https://m.media-amazon.com/images/I/51MOLWJ45HL._SL500_.jpg" alt="Product Image"></a><p>XISIDO 2025-2026 Wall Calendar, Calendar 2025-2026, 18 Month Calendar July 2025 - December 2026, 14.8" X 11.5", Calendar with Twin-Wire Binding, Hanging Hook and Julian Dates (Seasonal Designs)</p><p> -20% 0FF </p><p>$7.99</p><a href="https://www.amazon.com/dp/B0DYDC7ZLV?tag=eloabder-20&linkCode=osi&th=1&psc=1">View Product</a></div><div class="product"><a href="https://www.amazon.com/dp/B0D2KCVBBD?tag=eloabder-20&linkCode=osi&th=1&psc=1"><img src="https://m.media-amazon.com/images/I/51Eg-3ZKZxL._SL500_.jpg" alt="Product Image"></a><p>XISIDO Calendar 2025-2026, 18 Months Wall Calendar July 2025 to Dec 2026 Calendar with Julian Dates, 11" X 8.5" (Colorful)</p><p> -33% 0FF </p><p>$3.99</p><a href="https://www.amazon.com/dp/B0D2KCVBBD?tag=eloabder-20&linkCode=osi&th=1&psc=1">View Product</a></div><div class="product"><a href="https://www.amazon.com/dp/B0DY7R9226?tag=eloabder-20&linkCode=osi&th=1&psc=1"><img src="https://m.media-amazon.com/images/I/41eTUjCfzFL._SL500_.jpg" alt="Product Image"></a><p>Lbylyhxc Wall Calendar 2025-2026 - Runs from July 2025 to December 2026-18 Monthly Calendar 2026. Thick Paper includes major holidays and dedicated space for notes and important dates (Colorful Calendar 2025-2026)</p><p> -50% 0FF </p><p>$2.49</p><a href="https://www.amazon.com/dp/B0DY7R9226?tag=eloabder-20&linkCode=osi&th=1&psc=1">View Product</a></div>
<div class="product"><a href="https://www.amazon.com/dp/B00NI5LVAW?tag=eloabder-20&linkCode=osi&th=1&psc=1"><img src="https://m.media-amazon.com/images/I/31X0RgqQ1ML._SL500_.jpg" alt="Product Image"></a><p>Pendaflex File Folders, Letter Size, 1/3 Cut, Manila, 250 per Box (752250)</p><p> -11% 0FF </p><p>$26.50</p><a href="https://www.amazon.com/dp/B00NI5LVAW?tag=eloabder-20&linkCode=osi&th=1&psc=1">View Product</a></div><div class="product"><a href="https://www.amazon.com/dp/B0D1YBFHS8?tag=eloabder-20&linkCode=osi&th=1&psc=1"><img src="https://m.media-amazon.com/images/I/41qkHxiS+vL._SL500_.jpg" alt="Product Image"></a><p>SUNEE File Folders, 30 Pack Manilla Folders 8.5 x 11, Colored File Folders Home Office School Supplies for Documents Files Paper, 6 Assorted Colors</p><p> -26% 0FF </p><p>$9.99</p><a href="https://www.amazon.com/dp/B0D1YBFHS8?tag=eloabder-20&linkCode=osi&th=1&psc=1">View Product</a></div><div class="product"><a href="https://www.amazon.com/dp/B000DZ9XGO?tag=eloabder-20&linkCode=osi&th=1&psc=1"><img src="https://m.media-amazon.com/images/I/31WKzTB-4WL._SL500_.jpg" alt="Product Image"></a><p>Oxford Two-Pocket Folders, Assorted Colors, Letter Size, 25 per box (57513)</p><p> -32% 0FF </p><p>$12.23</p><a href="https://www.amazon.com/dp/B000DZ9XGO?tag=eloabder-20&linkCode=osi&th=1&psc=1">View Product</a></div><div class="product"><a href="https://www.amazon.com/dp/B0F8H75MLS?tag=eloabder-20&linkCode=osi&th=1&psc=1"><img src="https://m.media-amazon.com/images/I/41GV18+8+zL._SL500_.jpg" alt="Product Image"></a><p>Plastic Folders with Pockets, 6 Pack Document Folders with Business Card Slot, 2 Pocket Folders Back to School Supplies for Kids, Office</p><p> -33% 0FF </p><p>$5.99</p><a href="https://www.amazon.com/dp/B0F8H75MLS?tag=eloabder-20&linkCode=osi&th=1&psc=1">View Product</a></div><div class="product"><a href="https://www.amazon.com/dp/B0CPDTKFVF?tag=eloabder-20&linkCode=osi&th=1&psc=1"><img src="https://m.media-amazon.com/images/I/41PQ8ToLyhL._SL500_.jpg" alt="Product Image"></a><p>Aegero Plastic Folders with Pockets (7 Pack, Assorted Colors), Durable Heavy Duty File Folders with Business Card Slot, 2-Pocket Folder for Schoolwork & Office,Letter Size…</p><p> -11% 0FF </p><p>$7.99</p><a href="https://www.amazon.com/dp/B0CPDTKFVF?tag=eloabder-20&linkCode=osi&th=1&psc=1">View Product</a></div>
<div class="product"><a href="https://www.amazon.com/dp/B0CSPT4RFH?tag=eloabder-20&linkCode=osi&th=1&psc=1"><img src="https://m.media-amazon.com/images/I/31O8kdFg7FL._SL500_.jpg" alt="Product Image"></a><p>Two Tone Color File Folders 8.5 x 11 Inch, 1/3 Cut Tab File Folders Letter Size, Assorted Colors, Blue Red Green Yellow Orange Manila File Folders, School Business Office Folders for Document -15 Pack</p><p> -13% 0FF </p><p>$6.99</p><a href="https://www.amazon.com/dp/B0CSPT4RFH?tag=eloabder-20&linkCode=osi&th=1&psc=1">View Product</a></div><div class="product"><a href="https://www.amazon.com/dp/B01MXC0YS5?tag=eloabder-20&linkCode=osi&th=1&psc=1"><img src="https://m.media-amazon.com/images/I/41YLerNwKTL._SL500_.jpg" alt="Product Image"></a><p>Pendaflex Hanging File Folders, Letter Size, Assorted Colors, 1/5-Cut Adjustable Tabs, 25 Per Box (81663)</p><p> -7% 0FF </p><p>$13.99</p><a href="https://www.amazon.com/dp/B01MXC0YS5?tag=eloabder-20&linkCode=osi&th=1&psc=1">View Product</a></div><div class="product"><a href="https://www.amazon.com/dp/B0896Q5MMC?tag=eloabder-20&linkCode=osi&th=1&psc=1"><img src="https://m.media-amazon.com/images/I/41jDOLSqtWL._SL500_.jpg" alt="Product Image"></a><p>Pendaflex Two Tone Color File Folders, Letter Size, Assorted Colors (Teal, Violet, Gray, Navy and Burgundy), 1/3-Cut Tabs, 5 Color, 100/Box, (02315)</p><p> -27% 0FF </p><p>$13.89</p><a href="https://www.amazon.com/dp/B0896Q5MMC?tag=eloabder-20&linkCode=osi&th=1&psc=1">View Product</a></div><div class="product"><a href="https://www.amazon.com/dp/B0D1YCC6KK?tag=eloabder-20&linkCode=osi&th=1&psc=1"><img src="https://m.media-amazon.com/images/I/31aHHvZVc+L._SL500_.jpg" alt="Product Image"></a><p>SUNEE File Folders, 30 Pack Manilla Folders 8.5 x 11, Colored File Folders Home Office School Supplies for Documents Files Paper,6 Pastel Colors</p><p> -26% 0FF </p><p>$9.99</p><a href="https://www.amazon.com/dp/B0D1YCC6KK?tag=eloabder-20&linkCode=osi&th=1&psc=1">View Product</a></div>
<div class="product"><a href="https://www.amazon.com/dp/B0FGXLHFDD?tag=eloabder-20&linkCode=osi&th=1&psc=1"><img src="https://m.media-amazon.com/images/I/414ng1TKsOL._SL500_.jpg" alt="Product Image"></a><p>Trandraft Plastic Extra Capacity Hanging File Folders, 5 Inch Expanding Pocket with Movable Dividers, Letter Size Black File Folders with Insertable Tabs for Filing Cabine</p><p> -5% 0FF </p><p>$18.99</p><a href="https://www.amazon.com/dp/B0FGXLHFDD?tag=eloabder-20&linkCode=osi&th=1&psc=1">View Product</a></div><div class="product"><a href="https://www.amazon.com/dp/B08QTW4GJT?tag=eloabder-20&linkCode=osi&th=1&psc=1"><img src="https://m.media-amazon.com/images/I/41OVgNttdnL._SL500_.jpg" alt="Product Image"></a><p>Pendaflex Reinforced Hanging Folders, Letter Size, Assorted Colors 1/5 Cut, Tabs and Inserts, 25 Per Box (41522AMZ)</p><p> -32% 0FF </p><p>$13.99</p><a href="https://www.amazon.com/dp/B08QTW4GJT?tag=eloabder-20&linkCode=osi&th=1&psc=1">View Product</a></div><div class="product"><a href="https://www.amazon.com/dp/B07Y67ZCJS?tag=eloabder-20&linkCode=osi&th=1&psc=1"><img src="https://m.media-amazon.com/images/I/51g37Wkw2CL._SL500_.jpg" alt="Product Image"></a><p>EASEPRES 5 Pocket Mesh Hanging Wall File Organizer, Wall Mounted Mail Paper Document Folder Holder, Clipboard Storage Organization Magazine Rack with Nametag Label for Office Home School, Black</p><p> -30% 0FF </p><p>$22.99</p><a href="https://www.amazon.com/dp/B07Y67ZCJS?tag=eloabder-20&linkCode=osi&th=1&psc=1">View Product</a></div><div class="product"><a href="https://www.amazon.com/dp/B0CGWNNBCV?tag=eloabder-20&linkCode=osi&th=1&psc=1"><img src="https://m.media-amazon.com/images/I/31SGzCfPDcL._SL500_.jpg" alt="Product Image"></a><p>SUNEE 25 Count Hanging File Folders, Pastel Colors, Hanging File Folders Letter Size, Hanging Folders with 1/5-cut Tabs, Designed for Bulky Files, Filing Cabinets, Medical Charts</p><p> -15% 0FF </p><p>$16.99</p><a href="https://www.amazon.com/dp/B0CGWNNBCV?tag=eloabder-20&linkCode=osi&th=1&psc=1">View Product</a></div><div class="product"><a href="https://www.amazon.com/dp/B00006IF4G?tag=eloabder-20&linkCode=osi&th=1&psc=1"><img src="https://m.media-amazon.com/images/I/31LuYqWSObL._SL500_.jpg" alt="Product Image"></a><p>Smead Standard Hanging File Folders, 25 Count, Assorted Primaries, 1/5-Cut Adjustable Tabs, Letter Size (64059)</p><p> -7% 0FF </p><p>$13.55</p><a href="https://www.amazon.com/dp/B00006IF4G?tag=eloabder-20&linkCode=osi&th=1&psc=1">View Product</a></div>
<div class="product"><a href="https://www.amazon.com/dp/B0C77GP9XB?tag=eloabder-20&linkCode=osi&th=1&psc=1"><img src="https://m.media-amazon.com/images/I/415Jszg3LKL._SL500_.jpg" alt="Product Image"></a><p>SKYDUE Expanding File Organizer with 8 Pockets, Accordion File Folders with Labels, Portable Document Paper Bill Receipt Organizer, Home College School Office Supplies, Letter Size, Blue</p><p> -13% 0FF </p><p>$6.98</p><a href="https://www.amazon.com/dp/B0C77GP9XB?tag=eloabder-20&linkCode=osi&th=1&psc=1">View Product</a></div><div class="product"><a href="https://www.amazon.com/dp/B0013CETUQ?tag=eloabder-20&linkCode=osi&th=1&psc=1"><img src="https://m.media-amazon.com/images/I/51GxTzd4XbL._SL500_.jpg" alt="Product Image"></a><p>Pendaflex R217DHD Heavy-Duty Expanding Open Top File, 31 Pockets, 1/3 Tab, Letter, Brown</p><p> -36% 0FF </p><p>$15.90</p><a href="https://www.amazon.com/dp/B0013CETUQ?tag=eloabder-20&linkCode=osi&th=1&psc=1">View Product</a></div><div class="product"><a href="https://www.amazon.com/dp/B000UHJCZC?tag=eloabder-20&linkCode=osi&th=1&psc=1"><img src="https://m.media-amazon.com/images/I/31bbG1gUU2L._SL500_.jpg" alt="Product Image"></a><p>Pendaflex Expanding File Pockets, Letter Size, Redrope, 3.5" Expansion, Reinforced with DuPont™ Tyvek® Material, Redrope, 25 per Box (1524E-OX)</p><p> -9% 0FF </p><p>$27.37</p><a href="https://www.amazon.com/dp/B000UHJCZC?tag=eloabder-20&linkCode=osi&th=1&psc=1">View Product</a></div><div class="product"><a href="https://www.amazon.com/dp/B000FD9YHM?tag=eloabder-20&linkCode=osi&th=1&psc=1"><img src="https://m.media-amazon.com/images/I/511Yz6zbRaL._SL500_.jpg" alt="Product Image"></a><p>Pendaflex Heavy Duty Expanding File with Extra-Thick Cover, Tyvek Reinforced Edges, 21 Pockets, A–Z Tabs, Elastic Cord Closure, Letter Size (R117ALHD),Brown</p><p> -14% 0FF </p><p>$14.99</p><a href="https://www.amazon.com/dp/B000FD9YHM?tag=eloabder-20&linkCode=osi&th=1&psc=1">View Product</a></div>
<div class="product"><a href="https://www.amazon.com/dp/B07GKPZDG4?tag=eloabder-20&linkCode=osi&th=1&psc=1"><img src="https://m.media-amazon.com/images/I/51sUuF8kU-L._SL500_.jpg" alt="Product Image"></a><p>Cardinal Economy 3 Ring Binder, 1.5 Inch, Presentation View, Black, Holds 350 Sheets, Nonstick, PVC Free, 4 Pack of Binders (79519)</p><p> -42% 0FF </p><p>$9.19</p><a href="https://www.amazon.com/dp/B07GKPZDG4?tag=eloabder-20&linkCode=osi&th=1&psc=1">View Product</a></div><div class="product"><a href="https://www.amazon.com/dp/B0BF57LL4V?tag=eloabder-20&linkCode=osi&th=1&psc=1"><img src="https://m.media-amazon.com/images/I/317fBolZ+4L._SL500_.jpg" alt="Product Image"></a><p>1-inch 3 Ring Binder with 2 Interior Pockets, 1'' Basic Binders Holds US Letter Size 8.5'' x 11'' Paper - Versatile Binders for Office, Home, and School Use, 6 Pack (White)</p><p> -15% 0FF </p><p>$24.64</p><a href="https://www.amazon.com/dp/B0BF57LL4V?tag=eloabder-20&linkCode=osi&th=1&psc=1">View Product</a></div><div class="product"><a href="https://www.amazon.com/dp/B0BXKQ7YTW?tag=eloabder-20&linkCode=osi&th=1&psc=1"><img src="https://m.media-amazon.com/images/I/416TyBdEZYL._SL500_.jpg" alt="Product Image"></a><p>SUNEE 3 Ring Binder 1 Inch 4 Pack, Clear View 1" Binders Three Ring PVC-Free (Fit 8.5x11 Inches) for School or Office Supplies, Assorted Pastel</p><p> -17% 0FF </p><p>$14.85</p><a href="https://www.amazon.com/dp/B0BXKQ7YTW?tag=eloabder-20&linkCode=osi&th=1&psc=1">View Product</a></div><div class="product"><a href="https://www.amazon.com/dp/B0D2ZF8FHZ?tag=eloabder-20&linkCode=osi&th=1&psc=1"><img src="https://m.media-amazon.com/images/I/31smaJgK7vL._SL500_.jpg" alt="Product Image"></a><p>BinderX Extra Durable 3 Ring Binder, Round Rings 1 Inch Binder, Fits 175 Sheets of 8.5x11 Paper, Customizable View Cover with Inside Pockets, Cute 1" Binders, 1 Inch Binders 3 Ring, Pink</p><p> -36% 0FF </p><p>$8.99</p><a href="https://www.amazon.com/dp/B0D2ZF8FHZ?tag=eloabder-20&linkCode=osi&th=1&psc=1">View Product</a></div><div class="product"><a href="https://www.amazon.com/dp/B001B0GJDU?tag=eloabder-20&linkCode=osi&th=1&psc=1"><img src="https://m.media-amazon.com/images/I/41vpkaYBqsL._SL500_.jpg" alt="Product Image"></a><p>Avery Heavy-Duty View 3 Ring Binder, 1" One Touch Slant Rings, Holds 8.5" x 11" Paper, 1 Black Binder (05300)</p><p> -46% 0FF </p><p>$5.89</p><a href="https://www.amazon.com/dp/B001B0GJDU?tag=eloabder-20&linkCode=osi&th=1&psc=1">View Product</a></div>
<div class="product"><a href="https://www.amazon.com/dp/B092CM3KVX?tag=eloabder-20&linkCode=osi&th=1&psc=1"><img src="https://m.media-amazon.com/images/I/51kltWaLgmL._SL500_.jpg" alt="Product Image"></a><p>Avery Write & Erase Dividers for 3 Ring Binders, 8 Tabs per Set, Multicolor Big Tabs, Pastels, Binder Dividers Great for Organizing Reports, Projects, and More (16271)</p><p> -31% 0FF </p><p>$3.90</p><a href="https://www.amazon.com/dp/B092CM3KVX?tag=eloabder-20&linkCode=osi&th=1&psc=1">View Product</a></div><div class="product"><a href="https://www.amazon.com/dp/B08WBYPVGJ?tag=eloabder-20&linkCode=osi&th=1&psc=1"><img src="https://m.media-amazon.com/images/I/31NPQ52TfAL._SL500_.jpg" alt="Product Image"></a><p>Oxford Blank Write On Binder Dividers, 1/5 Cut Tabs, 3 Hole Punch Dividers in 5 Tab Sets, 100 Dividers, 20 Sets, White (89981)</p><p> -5% 0FF </p><p>$15.19</p><a href="https://www.amazon.com/dp/B08WBYPVGJ?tag=eloabder-20&linkCode=osi&th=1&psc=1">View Product</a></div><div class="product"><a href="https://www.amazon.com/dp/B0CZL39ZHS?tag=eloabder-20&linkCode=osi&th=1&psc=1"><img src="https://m.media-amazon.com/images/I/41APO6LBeCL._SL500_.jpg" alt="Product Image"></a><p>Forvencer 8 Count Dividers with Two Pockets, 8 tabs Binder Dividers for 3 Ring Binder Organizer, Multicolor, 1 Set</p><p> -25% 0FF </p><p>$5.99</p><a href="https://www.amazon.com/dp/B0CZL39ZHS?tag=eloabder-20&linkCode=osi&th=1&psc=1">View Product</a></div><div class="product"><a href="https://www.amazon.com/dp/B01FKMCNL6?tag=eloabder-20&linkCode=osi&th=1&psc=1"><img src="https://m.media-amazon.com/images/I/510vgT9G85L._SL500_.jpg" alt="Product Image"></a><p>Avery Binder Dividers - 5-Tab Insertable Multicolor Big Tabs for Binders, 6 Sets of Dividers (11109)</p><p> -11% 0FF </p><p>$5.78</p><a href="https://www.amazon.com/dp/B01FKMCNL6?tag=eloabder-20&linkCode=osi&th=1&psc=1">View Product</a></div><div class="product"><a href="https://www.amazon.com/dp/B0CQ4YNHX8?tag=eloabder-20&linkCode=osi&th=1&psc=1"><img src="https://m.media-amazon.com/images/I/315hb+NtGGL._SL500_.jpg" alt="Product Image"></a><p>Binder Dividers for 3 Ring Binder, 1/5 Cut Tabs, Letter Size, Blank Write On Page Dividers with 5 Big Tabs for School Office Home, 4 Sets, 20 Dividers, White</p><p> -14% 0FF </p><p>$5.98</p><a href="https://www.amazon.com/dp/B0CQ4YNHX8?tag=eloabder-20&linkCode=osi&th=1&psc=1">View Product</a></div><div class="product"><a href="https://www.amazon.com/dp/B01HC4KIVW?tag=eloabder-20&linkCode=osi&th=1&psc=1"><img src="https://m.media-amazon.com/images/I/412g1OcKv-L._SL500_.jpg" alt="Product Image"></a><p>Avery Big Tab Write & Erase Durable Plastic Dividers for 3 Ring Binders, 8-Tab Set, Bright Multicolor, 1 Set (16130)</p><p> -23% 0FF </p><p>$4.33</p><a href="https://www.amazon.com/dp/B01HC4KIVW?tag=eloabder-20&linkCode=osi&th=1&psc=1">View Product</a></div><div class="product"><a href="https://www.amazon.com/dp/B0000AQOB0?tag=eloabder-20&linkCode=osi&th=1&psc=1"><img src="https://m.media-amazon.com/images/I/51ek4ZNke4L._SL500_.jpg" alt="Product Image"></a><p>Avery 12 Tab Dividers for 3 Ring Binders, Customizable Table of Contents, Multicolor Tabs, 6 Sets (11196)</p><p> -36% 0FF </p><p>$17.99</p><a href="https://www.amazon.com/dp/B0000AQOB0?tag=eloabder-20&linkCode=osi&th=1&psc=1">View Product</a></div>
<div class="product"><a href="https://www.amazon.com/dp/B07R795LTM?tag=eloabder-20&linkCode=osi&th=1&psc=1"><img src="https://m.media-amazon.com/images/I/31OAmU6E5kL._SL500_.jpg" alt="Product Image"></a><p>Amazon Basics Polypropylene (PP) Sheet Protector, Non-Glare, 200 Pack, Clear</p><p> -13% 0FF </p><p>$10.40</p><a href="https://www.amazon.com/dp/B07R795LTM?tag=eloabder-20&linkCode=osi&th=1&psc=1">View Product</a></div><div class="product"><a href="https://www.amazon.com/dp/B0D62ZBV24?tag=eloabder-20&linkCode=osi&th=1&psc=1"><img src="https://m.media-amazon.com/images/I/41n9XbYoyhL._SL500_.jpg" alt="Product Image"></a><p>Aegero 65 Pack Clear Sheet Protectors, 8.5 x 11 inch Page Protectors for 3 Ring Binder,Top Loading Paper Protector for Documents and Photos,Letter Size</p><p> -20% 0FF </p><p>$3.99</p><a href="https://www.amazon.com/dp/B0D62ZBV24?tag=eloabder-20&linkCode=osi&th=1&psc=1">View Product</a></div><div class="product"><a href="https://www.amazon.com/dp/B08CMG5MCB?tag=eloabder-20&linkCode=osi&th=1&psc=1"><img src="https://m.media-amazon.com/images/I/410BZVBSLLL._SL500_.jpg" alt="Product Image"></a><p>Sheet Protectors, PANDRI 500 Pack Clear Heavy Duty Plastic Page Protectors Sheet Reinforced 11-Hole Fit for 3 Ring Binder Fits Standard 8.5 x 11 Paper, 9.25 x 11.25 Top Loaded, Excluding Acid</p><p> -15% 0FF </p><p>$22.94</p><a href="https://www.amazon.com/dp/B08CMG5MCB?tag=eloabder-20&linkCode=osi&th=1&psc=1">View Product</a></div><div class="product"><a href="https://www.amazon.com/dp/B0DZ6J73VW?tag=eloabder-20&linkCode=osi&th=1&psc=1"><img src="https://m.media-amazon.com/images/I/41NNzcs8bsL._SL500_.jpg" alt="Product Image"></a><p>TUOKCALB 50 Pack Clear Sheet Protectors for 3 Ring Binder, Polypropylene Acid-Free Material, 8.5 x 11 Inch Letter Size, Protector of Your Documents</p><p> -18% 0FF </p><p>$3.29</p><a href="https://www.amazon.com/dp/B0DZ6J73VW?tag=eloabder-20&linkCode=osi&th=1&psc=1">View Product</a></div><div class="product"><a href="https://www.amazon.com/dp/B0D294F9GZ?tag=eloabder-20&linkCode=osi&th=1&psc=1"><img src="https://m.media-amazon.com/images/I/41szN7I4ozL._SL500_.jpg" alt="Product Image"></a><p>Sheet Protectors 8.5 x11 Inch, 100 Pack Page Protectors for 3 Ring Binder, Top Loading Plastic Sleeves with Reinforced 3-Hole Punch for Binders, Letter Size, for Documents and Photos, Office Supplies.</p><p> -23% 0FF </p><p>$9.99</p><a href="https://www.amazon.com/dp/B0D294F9GZ?tag=eloabder-20&linkCode=osi&th=1&psc=1">View Product</a></div><div class="product"><a href="https://www.amazon.com/dp/B0D59XF4D3?tag=eloabder-20&linkCode=osi&th=1&psc=1"><img src="https://m.media-amazon.com/images/I/41EpBhN87iL._SL500_.jpg" alt="Product Image"></a><p>DOSEWART 70Pack Sheet Protectors, Clear Heavy Duty Plastic Page Protectors for 3 Ring Binder, Top Loading Sheet Protectors 8.5 x 11” for Photo, Paper, Document Protector</p><p> -43% 0FF </p><p>$3.99</p><a href="https://www.amazon.com/dp/B0D59XF4D3?tag=eloabder-20&linkCode=osi&th=1&psc=1">View Product</a></div>

<div class="product"><a href="https://www.amazon.com/dp/B0033J6V3A?tag=eloabder-20&linkCode=osi&th=1&psc=1"><img src="https://m.media-amazon.com/images/I/21o5ASbichL._SL500_.jpg" alt="Product Image"></a><p>NuSparc 2 Drawer Locking Filing Cabinet | Pre-Assembled Steel Construction | Space-Saving Design is Perfect for Home and Small Office | Letter-Size | Assembled in North America</p><p> -14% 0FF </p><p>$76.99</p><a href="https://www.amazon.com/dp/B0033J6V3A?tag=eloabder-20&linkCode=osi&th=1&psc=1">View Product</a></div><div class="product"><a href="https://www.amazon.com/dp/B0D9XYD75W?tag=eloabder-20&linkCode=osi&th=1&psc=1"><img src="https://m.media-amazon.com/images/I/31VM3xK++PL._SL500_.jpg" alt="Product Image"></a><p>BYNSOE 2 Drawer File Cabinet with Lock Vertical Filing Storage Cabinet Office Home Steel Vertical File Cabinets for Letter Size File Cabinet Locked,Assembly Required</p><p> -8% 0FF </p><p>$54.99</p><a href="https://www.amazon.com/dp/B0D9XYD75W?tag=eloabder-20&linkCode=osi&th=1&psc=1">View Product</a></div><div class="product"><a href="https://www.amazon.com/dp/B0989HLF81?tag=eloabder-20&linkCode=osi&th=1&psc=1"><img src="https://m.media-amazon.com/images/I/51vzgnkbcjL._SL500_.jpg" alt="Product Image"></a><p>DEVAISE 3 Drawer Mobile File Cabinet, Wood Lateral Filing Cabinet, Printer Stand with Open Shelves for Home Office, Rustic Brown</p><p> -21% 0FF </p><p>$74.99</p><a href="https://www.amazon.com/dp/B0989HLF81?tag=eloabder-20&linkCode=osi&th=1&psc=1">View Product</a></div>
<div class="product"><a href="https://www.amazon.com/dp/B00006RSQD?tag=eloabder-20&linkCode=osi&th=1&psc=1"><img src="https://m.media-amazon.com/images/I/315rez3KpeL._SL500_.jpg" alt="Product Image"></a><p>Bush Business Furniture Series C 36W Tall 5 Shelf Bookcase in Hansen Cherry, Large Storage and Display Bookshelf for Home or Professional Office</p><p> -8% 0FF </p><p>$239.49</p><a href="https://www.amazon.com/dp/B00006RSQD?tag=eloabder-20&linkCode=osi&th=1&psc=1">View Product</a></div>
<div class="product"><a href="https://www.amazon.com/dp/B09F6JPYSY?tag=eloabder-20&linkCode=osi&th=1&psc=1"><img src="https://m.media-amazon.com/images/I/51fGLH7lhHL._SL500_.jpg" alt="Product Image"></a><p>SPACELEAD Slim Storage Cart 3 Tier,Bathroom Organizer Rolling Utility,Mobile Shelving Unit Slide Out for Office, Kitchen, Laundry Room & Narrow Places,Black</p><p> -30% 0FF </p><p>$20.99</p><a href="https://www.amazon.com/dp/B09F6JPYSY?tag=eloabder-20&linkCode=osi&th=1&psc=1">View Product</a></div><div class="product"><a href="https://www.amazon.com/dp/B08KFTVGQY?tag=eloabder-20&linkCode=osi&th=1&psc=1"><img src="https://m.media-amazon.com/images/I/51BjUEmGaiL._SL500_.jpg" alt="Product Image"></a><p>SONGMICS Cube Storage Organizer, Set of 16 Plastic Cubes, Closet Organizers and Storage, Room Organization, Bedroom Living Room, 12.2 x 48.4 x 48.4 Inches, Rustic Brown ULPC442A01</p><p> -15% 0FF </p><p>$46.99</p><a href="https://www.amazon.com/dp/B08KFTVGQY?tag=eloabder-20&linkCode=osi&th=1&psc=1">View Product</a></div><div class="product"><a href="https://www.amazon.com/dp/B0DG359YX5?tag=eloabder-20&linkCode=osi&th=1&psc=1"><img src="https://m.media-amazon.com/images/I/41OBXL4HJdL._SL500_.jpg" alt="Product Image"></a><p>VIVO Clamp-on 13 inch Above or Below Desk 2-Tier Shelving Unit for Table Accessories, Gaming Devices, and More, Storage Tray, Desktop Organizer, Rustic Vintage Brown, STAND-SHELF2C-N</p><p> -20% 0FF </p><p>$39.99</p><a href="https://www.amazon.com/dp/B0DG359YX5?tag=eloabder-20&linkCode=osi&th=1&psc=1">View Product</a></div><div class="product"><a href="https://www.amazon.com/dp/B0D7S5GGP6?tag=eloabder-20&linkCode=osi&th=1&psc=1"><img src="https://m.media-amazon.com/images/I/51EriWG2BLL._SL500_.jpg" alt="Product Image"></a><p>C&AHOME Wire Cube Storage, 9 - Cube Organizer Metal C Grids, Modular Shelves Units, Closet Organizer, Ideal for Home, Office, Living Room, 36.6”L x 12.4”W x 48.4”H, Silver Gray UWCS3009G</p><p> -33% 0FF </p><p>$28.87</p><a href="https://www.amazon.com/dp/B0D7S5GGP6?tag=eloabder-20&linkCode=osi&th=1&psc=1">View Product</a></div>
<div class="product"><a href="https://www.amazon.com/dp/B0B1M6ML2J?tag=eloabder-20&linkCode=osi&th=1&psc=1"><img src="https://m.media-amazon.com/images/I/51pX2Qo38JL._SL500_.jpg" alt="Product Image"></a><p>WOWBOX 25 PCS Clear Plastic Drawer Organizer Set, 4 Sizes Desk Drawer Divider Organizers and Storage Bins for Makeup, Jewelry, Gadgets for Kitchen, Bedroom, Bathroom, Office</p><p> -35% 0FF </p><p>$16.13 ($0.65 / Count)</p><a href="https://www.amazon.com/dp/B0B1M6ML2J?tag=eloabder-20&linkCode=osi&th=1&psc=1">View Product</a></div><div class="product"><a href="https://www.amazon.com/dp/B0DB8F7GDN?tag=eloabder-20&linkCode=osi&th=1&psc=1"><img src="https://m.media-amazon.com/images/I/51iOtKHzvCL._SL500_.jpg" alt="Product Image"></a><p>OPNICE Desk Organizer and Accessories, 2-Tier Computer Monitor Stand Riser with Drawer and 2 Pen Holders, Laptop Stand, Office Desk Accessories for Office Supplies, Black</p><p> -27% 0FF </p><p>$21.99</p><a href="https://www.amazon.com/dp/B0DB8F7GDN?tag=eloabder-20&linkCode=osi&th=1&psc=1">View Product</a></div><div class="product"><a href="https://www.amazon.com/dp/B0FQ86P4M3?tag=eloabder-20&linkCode=osi&th=1&psc=1"><img src="https://m.media-amazon.com/images/I/41ZDdyGnPxL._SL500_.jpg" alt="Product Image"></a><p>Mind Reader 2-Tier Desk Organizer with Clamp, Accessory Shelf for Office or Gaming, Office, Metal, White</p><p> -5% 0FF </p><p>$37.99</p><a href="https://www.amazon.com/dp/B0FQ86P4M3?tag=eloabder-20&linkCode=osi&th=1&psc=1">View Product</a></div><div class="product"><a href="https://www.amazon.com/dp/B0BYDGF8DT?tag=eloabder-20&linkCode=osi&th=1&psc=1"><img src="https://m.media-amazon.com/images/I/51sE2GzgVNL._SL500_.jpg" alt="Product Image"></a><p>OPNICE Desk Organizer and Accessories, 4-Tier Desktop File Organizer with Drawer and 2 Pen Holders, Office Desk Accessories, Workspace Organizers for Office Supplies(Black)</p><p> -33% 0FF </p><p>$19.99</p><a href="https://www.amazon.com/dp/B0BYDGF8DT?tag=eloabder-20&linkCode=osi&th=1&psc=1">View Product</a></div><div class="product"><a href="https://www.amazon.com/dp/B0DJKSMV2T?tag=eloabder-20&linkCode=osi&th=1&psc=1"><img src="https://m.media-amazon.com/images/I/41gO3CCIg1L._SL500_.jpg" alt="Product Image"></a><p>gianotter Dual Monitor Stand Riser, Desk Organizer With Drawer and 2 Pen Holders, Computer Monitor Stand, Shelf for Top of Desk, Black</p><p> -28% 0FF </p><p>$25.99</p><a href="https://www.amazon.com/dp/B0DJKSMV2T?tag=eloabder-20&linkCode=osi&th=1&psc=1">View Product</a></div><div class="product"><a href="https://www.amazon.com/dp/B0BWTT3WK1?tag=eloabder-20&linkCode=osi&th=1&psc=1"><img src="https://m.media-amazon.com/images/I/51JTe2SjicL._SL500_.jpg" alt="Product Image"></a><p>gianotter Desk Organizers and Accessories with File Holder, 4-Tier Desk Accessories & Workspace Organizers with Drawer and 2 Pen Holder, Paper Organizer for Office Supplies (Rose Gold)</p><p> -27% 0FF </p><p>$23.99</p><a href="https://www.amazon.com/dp/B0BWTT3WK1?tag=eloabder-20&linkCode=osi&th=1&psc=1">View Product</a></div><div class="product"><a href="https://www.amazon.com/dp/B09QKDY1YY?tag=eloabder-20&linkCode=osi&th=1&psc=1"><img src="https://m.media-amazon.com/images/I/519UVM73B6L._SL500_.jpg" alt="Product Image"></a><p>Supeasy 5 Trays Paper Organizer Letter Tray with Handle-Mesh Desk File Organizer, Paper Sorter Desk Organizer for Office, Home or School</p><p> -17% 0FF </p><p>$19.99</p><a href="https://www.amazon.com/dp/B09QKDY1YY?tag=eloabder-20&linkCode=osi&th=1&psc=1">View Product</a></div><div class="product"><a href="https://www.amazon.com/dp/B08PBFKGJG?tag=eloabder-20&linkCode=osi&th=1&psc=1"><img src="https://m.media-amazon.com/images/I/61WfW0WLsqL._SL500_.jpg" alt="Product Image"></a><p>Marbrasse 6 Tier Paper Organizer Letter Tray - Mesh Desk File Organizer with Handle, Paper Sorter Organizer for Letter/A4 Office File Folder Holder - Black</p><p> -23% 0FF </p><p>$19.98</p><a href="https://www.amazon.com/dp/B08PBFKGJG?tag=eloabder-20&linkCode=osi&th=1&psc=1">View Product</a></div><div class="product"><a href="https://www.amazon.com/dp/B09K5927B5?tag=eloabder-20&linkCode=osi&th=1&psc=1"><img src="https://m.media-amazon.com/images/I/51u5tZ4jR6L._SL500_.jpg" alt="Product Image"></a><p>Marbrasse Desk Organizer with File Holder, 5-Tier Paper Letter Tray Organizer with Drawer and 2 Pen Holder, Mesh Desktop Organizer and Storage with Magazine Holder for Office Supplies(Black)</p><p> -24% 0FF </p><p>$33.99</p><a href="https://www.amazon.com/dp/B09K5927B5?tag=eloabder-20&linkCode=osi&th=1&psc=1">View Product</a></div>
<div class="product"><a href="https://www.amazon.com/dp/B0CNXF7SVS?tag=eloabder-20&linkCode=osi&th=1&psc=1"><img src="https://m.media-amazon.com/images/I/51a6EswyTZL._SL500_.jpg" alt="Product Image"></a><p>Manalete Drawer Organizers Set of 15, 4 Sizes Clear Plastic Drawer Organizers and Storage Bins for Kitchen, Bathroom, Office, Dresser Desk Drawer Organizer Tray for Jewelry, Makeup, Junk, Gadgets</p><p> -29% 0FF </p><p>$9.99</p><a href="https://www.amazon.com/dp/B0CNXF7SVS?tag=eloabder-20&linkCode=osi&th=1&psc=1">View Product</a></div><div class="product"><a href="https://www.amazon.com/dp/B0CCY5X6SS?tag=eloabder-20&linkCode=osi&th=1&psc=1"><img src="https://m.media-amazon.com/images/I/41Iye-vPXJL._SL500_.jpg" alt="Product Image"></a><p>Bamboo Drawer Organizer Set, 5 PCS Multi-Use Individual Wood Storage Organizers, Junk Drawer Divider and Storage Trays Containers for Kitchen, Bathroom, Office Desk, Makeup, Jewelry, Utensils</p><p> -20% 0FF </p><p>$19.99 ($4.00 / Count)</p><a href="https://www.amazon.com/dp/B0CCY5X6SS?tag=eloabder-20&linkCode=osi&th=1&psc=1">View Product</a></div><div class="product"><a href="https://www.amazon.com/dp/B0CCDJQ7MM?tag=eloabder-20&linkCode=osi&th=1&psc=1"><img src="https://m.media-amazon.com/images/I/51kU0WJxdsL._SL500_.jpg" alt="Product Image"></a><p>Marbrasse Expandable Desk Drawer Organizer, Mesh Drawer Organizer Tray with 10 Adjustable Compartments, Desk Organizers and Accessories, 5 Dividers Drawer for Office Supplies, Makeup & Vanity (Black)</p><p> -15% 0FF </p><p>$17.84</p><a href="https://www.amazon.com/dp/B0CCDJQ7MM?tag=eloabder-20&linkCode=osi&th=1&psc=1">View Product</a></div><div class="product"><a href="https://www.amazon.com/dp/B0DM27MBZN?tag=eloabder-20&linkCode=osi&th=1&psc=1"><img src="https://m.media-amazon.com/images/I/41hAfSMnrZL._SL500_.jpg" alt="Product Image"></a><p>ElegantArray 12 PCS Drawer Organizer Set, 4 Sizes Storage Drawer Units, Clear Plastic Makeup Vanity Organizer and Storage Bins for Makeup, Stationeries, Multiple Gadgets for Bathroom, Office, Bedroom</p><p> -31% 0FF </p><p>$8.99</p><a href="https://www.amazon.com/dp/B0DM27MBZN?tag=eloabder-20&linkCode=osi&th=1&psc=1">View Product</a></div>
<div class="product"><a href="https://www.amazon.com/dp/B0C4T42TPC?tag=eloabder-20&linkCode=osi&th=1&psc=1"><img src="https://m.media-amazon.com/images/I/318IsyAsPXL._SL500_.jpg" alt="Product Image"></a><p>Adjustable Mobile CPU Stand, Ventilated Computer Tower Stand with 4 Caster Wheels Fits Most PC Tower, Under Desk CPU Holder PC Floor Cart Computer Riser for Gamers and Students (Black)</p><p> -21% 0FF </p><p>$14.21</p><a href="https://www.amazon.com/dp/B0C4T42TPC?tag=eloabder-20&linkCode=osi&th=1&psc=1">View Product</a></div><div class="product"><a href="https://www.amazon.com/dp/B094QTGHNZ?tag=eloabder-20&linkCode=osi&th=1&psc=1"><img src="https://m.media-amazon.com/images/I/31VzBQ+jwWL._SL500_.jpg" alt="Product Image"></a><p>WALI Computer Monitor Stand for Desk, Adjustable Laptop Riser, Desk Monitor Stand Underneath Storage for Office, Home, School Supplies (STT003), 1 Pack, Black</p><p> -32% 0FF </p><p>$16.99</p><a href="https://www.amazon.com/dp/B094QTGHNZ?tag=eloabder-20&linkCode=osi&th=1&psc=1">View Product</a></div><div class="product"><a href="https://www.amazon.com/dp/B07H4DMLVH?tag=eloabder-20&linkCode=osi&th=1&psc=1"><img src="https://m.media-amazon.com/images/I/31eTfKhpSWL._SL500_.jpg" alt="Product Image"></a><p>HUANUO Monitor Stand, Monitor Stand Riser 3 Height Adjustable, Monitor Riser with Airflow Vents, Laptop Stand for Desk, Laptop Riser, Desk Organizer for Monitor, 15.6" Laptop, PC, Printer</p><p> -11% 0FF </p><p>$15.19</p><a href="https://www.amazon.com/dp/B07H4DMLVH?tag=eloabder-20&linkCode=osi&th=1&psc=1">View Product</a></div><div class="product"><a href="https://www.amazon.com/dp/B0D69W6H91?tag=eloabder-20&linkCode=osi&th=1&psc=1"><img src="https://m.media-amazon.com/images/I/51rQI+gi3lL._SL500_.jpg" alt="Product Image"></a><p>JANE EYRE Computer Tower Stand - Adjustable PC Tower Stand CPU Holder Cart with Charging Station for Office Home Classroom,23.03"-28.3" H, black</p><p> -10% 0FF </p><p>$53.99</p><a href="https://www.amazon.com/dp/B0D69W6H91?tag=eloabder-20&linkCode=osi&th=1&psc=1">View Product</a></div><div class="product"><a href="https://www.amazon.com/dp/B0C4T34L9Y?tag=eloabder-20&linkCode=osi&th=1&psc=1"><img src="https://m.media-amazon.com/images/I/51BNMGXNOEL._SL500_.jpg" alt="Product Image"></a><p>BONTEC Wooden Monitor Stand Riser, 2-Tier Desk Shelf with Storage Organizer, Ergonomic Computer Stand with Cable Management, Cellphone Holder, White, 16.5 Inch</p><p> -33% 0FF </p><p>$18.04</p><a href="https://www.amazon.com/dp/B0C4T34L9Y?tag=eloabder-20&linkCode=osi&th=1&psc=1">View Product</a></div><div class="product"><a href="https://www.amazon.com/dp/B08BRCT4JH?tag=eloabder-20&linkCode=osi&th=1&psc=1"><img src="https://m.media-amazon.com/images/I/41Ga6A+cXbL._SL500_.jpg" alt="Product Image"></a><p>BESIGN LS03 Aluminum Laptop Stand, Ergonomic Detachable Computer Stand, Notebook Riser Compatible with Air, Pro, Dell, HP, Lenovo More 10-15.6" Laptops, Silver</p><p> -25% 0FF </p><p>$14.98</p><a href="https://www.amazon.com/dp/B08BRCT4JH?tag=eloabder-20&linkCode=osi&th=1&psc=1">View Product</a></div>
<div class="product"><a href="https://www.amazon.com/dp/B07Q79ZZJ6?tag=eloabder-20&linkCode=osi&th=1&psc=1"><img src="https://m.media-amazon.com/images/I/31-LBzENQIL._SL500_.jpg" alt="Product Image"></a><p>Single LCD Computer Monitor Free-Standing Desk Stand Mount Riser for 13 inch to 32 inch screen with Swivel, Height Adjustable, Rotation, Vesa Base Stand Holds One (1) Screen up to 77Lbs(HT05B-001))</p><p> -34% 0FF </p><p>$21.99</p><a href="https://www.amazon.com/dp/B07Q79ZZJ6?tag=eloabder-20&linkCode=osi&th=1&psc=1">View Product</a></div><div class="product"><a href="https://www.amazon.com/dp/B082845XM8?tag=eloabder-20&linkCode=osi&th=1&psc=1"><img src="https://m.media-amazon.com/images/I/41uRH1B7HgL._SL500_.jpg" alt="Product Image"></a><p>Dual Monitor Stand - Vertical Stack Screen Free-Standing Monitor Riser Fits Two 13 to 34 Inch Screen with Swivel, Tilt, Height Adjustable, Holds One (1) Screen Up to 44Lbs</p><p> -5% 0FF </p><p>$31.56</p><a href="https://www.amazon.com/dp/B082845XM8?tag=eloabder-20&linkCode=osi&th=1&psc=1">View Product</a></div><div class="product"><a href="https://www.amazon.com/dp/B00X4SCCFG?tag=eloabder-20&linkCode=osi&th=1&psc=1"><img src="https://m.media-amazon.com/images/I/21X2klzUZGL._SL500_.jpg" alt="Product Image"></a><p>Amazon Basics Height Adjustable Rectangular Computer Monitor Riser Desk Stand with Storage for Reduced Neck Strain - Fits Monitors, Laptops Up to 22lbs, Black</p><p> -35% 0FF </p><p>$14.06</p><a href="https://www.amazon.com/dp/B00X4SCCFG?tag=eloabder-20&linkCode=osi&th=1&psc=1">View Product</a></div>
<div class="product"><a href="https://www.amazon.com/dp/B07HFDJCSL?tag=eloabder-20&linkCode=osi&th=1&psc=1"><img src="https://m.media-amazon.com/images/I/41DR7qY1naL._SL500_.jpg" alt="Product Image"></a><p>VIVO Large Keyboard Tray Under Desk Pull Out with Extra Sturdy C Clamp Mount System, 27 (33 Including Clamps) x 11 Inch Slide-Out Platform Computer Drawer for Typing, Black, MOUNT-KB05E</p><p> -17% 0FF </p><p>$49.99</p><a href="https://www.amazon.com/dp/B07HFDJCSL?tag=eloabder-20&linkCode=osi&th=1&psc=1">View Product</a></div><div class="product"><a href="https://www.amazon.com/dp/B082NKBM62?tag=eloabder-20&linkCode=osi&th=1&psc=1"><img src="https://m.media-amazon.com/images/I/41qQ3p9-mrL._SL500_.jpg" alt="Product Image"></a><p>HUANUO Keyboard Tray Under Desk, 360 Adjustable Ergonomic Sliding Keyboard & Mouse Tray, Under Desk Keyboard Tray Slide Out, Keyboard Holder Under Desk for Typing in Home, Office Work, 25"W x 9.84"D</p><p> -33% 0FF </p><p>$59.98</p><a href="https://www.amazon.com/dp/B082NKBM62?tag=eloabder-20&linkCode=osi&th=1&psc=1">View Product</a></div><div class="product"><a href="https://www.amazon.com/dp/B0F23GTKHL?tag=eloabder-20&linkCode=osi&th=1&psc=1"><img src="https://m.media-amazon.com/images/I/41dmHoeznDL._SL500_.jpg" alt="Product Image"></a><p>Zontera Ergonomic Mouse & Keyboard Tray Under Desk, Pull Out with Adjustable C-clamp, 20 (25.9 Including Clamps) x 11.8 Inch Slide Out Computer Keyboard Drawer Mouse Tray for Typing, Black</p><p> -7% 0FF </p><p>$25.99</p><a href="https://www.amazon.com/dp/B0F23GTKHL?tag=eloabder-20&linkCode=osi&th=1&psc=1">View Product</a></div><div class="product"><a href="https://www.amazon.com/dp/B01IIGMBVI?tag=eloabder-20&linkCode=osi&th=1&psc=1"><img src="https://m.media-amazon.com/images/I/21Vw8003F0L._SL500_.jpg" alt="Product Image"></a><p>Alera ALE Valencia Series Underdesk Keyboard/Mouse Shelf, 28w x 12d, Black</p><p> -50% 0FF </p><p>$29.22</p><a href="https://www.amazon.com/dp/B01IIGMBVI?tag=eloabder-20&linkCode=osi&th=1&psc=1">View Product</a></div>
<div class="product"><a href="https://www.amazon.com/dp/B07C3XZMC6?tag=eloabder-20&linkCode=osi&th=1&psc=1"><img src="https://m.media-amazon.com/images/I/31Eojf7glwL._SL500_.jpg" alt="Product Image"></a><p>JIKIOU 3 Pack Mouse Pad with Stitched Edge, Comfortable Mouse Pads with Non-Slip Rubber Base, Washable Mousepads Bulk with Comfortable Cloth, Mouse Pads for Computers Laptop Mouse 10.2x8.3inch Black</p><p> -29% 0FF </p><p>$7.99</p><a href="https://www.amazon.com/dp/B07C3XZMC6?tag=eloabder-20&linkCode=osi&th=1&psc=1">View Product</a></div><div class="product"><a href="https://www.amazon.com/dp/B085XRMSTT?tag=eloabder-20&linkCode=osi&th=1&psc=1"><img src="https://m.media-amazon.com/images/I/31aDSI0sFoL._SL500_.jpg" alt="Product Image"></a><p>EooCoo Ergonomic Mouse Pad with Wrist Support, Mousepad with Memory Foam Wrist Rest and Non-Slip Base for Computer, Cafe, Home & Office, 9.64 x 8.26 in Office Desk Accessories</p><p> -36% 0FF </p><p>$6.99</p><a href="https://www.amazon.com/dp/B085XRMSTT?tag=eloabder-20&linkCode=osi&th=1&psc=1">View Product</a></div>
<div class="product"><a href="https://www.amazon.com/dp/B0BRCJL4MM?tag=eloabder-20&linkCode=osi&th=1&psc=1"><img src="https://m.media-amazon.com/images/I/41sggzaNbPL._SL500_.jpg" alt="Product Image"></a><p>Led Desk Lamp for Office Home - Eye Caring Architect lamp with Clamp,Dual Screen Computer Monitor Gooseneck Smart Light: 24W 5 Color Flexible Adjustable Lighting Table Lamp for Study Drafting</p><p> -13% 0FF </p><p>$69.99</p><a href="https://www.amazon.com/dp/B0BRCJL4MM?tag=eloabder-20&linkCode=osi&th=1&psc=1">View Product</a></div><div class="product"><a href="https://www.amazon.com/dp/B0BNHNG5CY?tag=eloabder-20&linkCode=osi&th=1&psc=1"><img src="https://m.media-amazon.com/images/I/51ccmdZe2YL._SL500_.jpg" alt="Product Image"></a><p>Micomlan Led Desk Lamp with Clamp, Architect Desk Lamp for Home Office with Atmosphere Lighting, 24W Ultra Bright Auto Dimming Computer Light Stepless Dimming and Tempering LED Table Light</p><p> -27% 0FF </p><p>$49.99</p><a href="https://www.amazon.com/dp/B0BNHNG5CY?tag=eloabder-20&linkCode=osi&th=1&psc=1">View Product</a></div><div class="product"><a href="https://www.amazon.com/dp/B078W61H9P?tag=eloabder-20&linkCode=osi&th=1&psc=1"><img src="https://m.media-amazon.com/images/I/31aebwb3nqL._SL500_.jpg" alt="Product Image"></a><p>LEPOWER Metal Desk Lamp, Eye-Caring Table Lamp, Study Lamps with Flexible Goose Neck for Bedroom, Home Office (Matte Black)</p><p> -24% 0FF </p><p>$24.99</p><a href="https://www.amazon.com/dp/B078W61H9P?tag=eloabder-20&linkCode=osi&th=1&psc=1">View Product</a></div><div class="product"><a href="https://www.amazon.com/dp/B0D1DLY4H4?tag=eloabder-20&linkCode=osi&th=1&psc=1"><img src="https://m.media-amazon.com/images/I/41sKiuSIwRL._SL500_.jpg" alt="Product Image"></a><p>SKYLEO Led Desk Lamp - Desk Light for 31.5" Tall - 5 Color Modes X 11 Brightness Levels - Adjustable Swing Arm - Timmer & Memory Function - 12W Lamp for Desk - Black</p><p> -23% 0FF </p><p>$19.99</p><a href="https://www.amazon.com/dp/B0D1DLY4H4?tag=eloabder-20&linkCode=osi&th=1&psc=1">View Product</a></div><div class="product"><a href="https://www.amazon.com/dp/B0D2LGK82V?tag=eloabder-20&linkCode=osi&th=1&psc=1"><img src="https://m.media-amazon.com/images/I/41UpQ-qygDL._SL500_.jpg" alt="Product Image"></a><p>Addtam LED Desk Lamp, Power Strip with 3 Outlets 4 USB Charging Ports(2 USBC), 4 Modes 5 Level Brightness Touch Lamp, Small Desk Lamp for Home Office College Dorm Room Essentials</p><p> -23% 0FF </p><p>$16.99</p><a href="https://www.amazon.com/dp/B0D2LGK82V?tag=eloabder-20&linkCode=osi&th=1&psc=1">View Product</a></div><div class="product"><a href="https://www.amazon.com/dp/B08LMTQ7ZF?tag=eloabder-20&linkCode=osi&th=1&psc=1"><img src="https://m.media-amazon.com/images/I/21vKPX2KHML._SL500_.jpg" alt="Product Image"></a><p>Lepro LED Desk Lamp for Home Office, 9.5W 750LM Metal Touch Control Desk Light, 5 Color Modes 5 Brightness Level, Eye Caring Task Lamp For Reading, Sewing, Crafts, School Supplies, Puzzle Light, Black</p><p> -13% 0FF </p><p>$24.99</p><a href="https://www.amazon.com/dp/B08LMTQ7ZF?tag=eloabder-20&linkCode=osi&th=1&psc=1">View Product</a></div>
<div class="product"><a href="https://www.amazon.com/dp/B0D7BXNDP4?tag=eloabder-20&linkCode=osi&th=1&psc=1"><img src="https://m.media-amazon.com/images/I/41DuEunZ1+L._SL500_.jpg" alt="Product Image"></a><p>Monitor Fan with Clamp & Light Bar Desk Lamp with fan for Office mini Desk fan small quiet with lamp for PC Laptops Tablet for Home Office Portable Working Reading Stand Lamp</p><p> -5% 0FF </p><p>$15.19</p><a href="https://www.amazon.com/dp/B0D7BXNDP4?tag=eloabder-20&linkCode=osi&th=1&psc=1">View Product</a></div><div class="product"><a href="https://www.amazon.com/dp/B07K1D41DC?tag=eloabder-20&linkCode=osi&th=1&psc=1"><img src="https://m.media-amazon.com/images/I/310MAouNV-L._SL500_.jpg" alt="Product Image"></a><p>OttLite Cool Breeze LED Lamp with Bladeless Fan - 3 Speed Options & 5 Brightness Settings with Energy Efficient Natural Daylight LEDs - Desktop, Table or Nightstand Lamp for Studying or Reading</p><p> -14% 0FF </p><p>$89.98</p><a href="https://www.amazon.com/dp/B07K1D41DC?tag=eloabder-20&linkCode=osi&th=1&psc=1">View Product</a></div>
<div class="product"><a href="https://www.amazon.com/dp/B0CXSXL1F2?tag=eloabder-20&linkCode=osi&th=1&psc=1"><img src="https://m.media-amazon.com/images/I/41H6cndt7iL._SL500_.jpg" alt="Product Image"></a><p>9 Pack Lined Sticky Notes 4x6 in Post Sticky Notes with Lines, 9 Bright Colors Self Sticky Notes Pad Its, Large Ruled Sticky Note for Office, Home, 35 Sheets/Pad</p><p> -33% 0FF </p><p>$7.99</p><a href="https://www.amazon.com/dp/B0CXSXL1F2?tag=eloabder-20&linkCode=osi&th=1&psc=1">View Product</a></div><div class="product"><a href="https://www.amazon.com/dp/B019QROV9S?tag=eloabder-20&linkCode=osi&th=1&psc=1"><img src="https://m.media-amazon.com/images/I/51OsStyntzL._SL500_.jpg" alt="Product Image"></a><p>Sharpie Clear View Highlighter Sticks, Chisel Tip, Assorted Fluorescent, 8 Count - School, Home, and Office Use, Teacher Supplies</p><p> -23% 0FF </p><p>$13.86</p><a href="https://www.amazon.com/dp/B019QROV9S?tag=eloabder-20&linkCode=osi&th=1&psc=1">View Product</a></div>
<div class="product"><a href="https://www.amazon.com/dp/B082PN4X5J?tag=eloabder-20&linkCode=osi&th=1&psc=1"><img src="https://m.media-amazon.com/images/I/51o+eA8g6nL._SL500_.jpg" alt="Product Image"></a><p>Sharpie S-Gel Gel Pens, Black Barrel, Medium Point (0.7mm), Black Gel Ink Pens, 12 Count - Home, Office, School, Journaling, Writing, Note-Taking, Teacher Supplies</p><p> -14% 0FF </p><p>$11.97</p><a href="https://www.amazon.com/dp/B082PN4X5J?tag=eloabder-20&linkCode=osi&th=1&psc=1">View Product</a></div><div class="product"><a href="https://www.amazon.com/dp/B0C9W8DD9S?tag=eloabder-20&linkCode=osi&th=1&psc=1"><img src="https://m.media-amazon.com/images/I/41mdSvEwNZL._SL500_.jpg" alt="Product Image"></a><p>Ddaowanx Gel Pens, 6 Pcs 0.5mm Quick Dry Black Ink Pens Fine Point Smooth Writing Pens, Cute Office School Supplies Gifts for Women</p><p> -10% 0FF </p><p>$8.99</p><a href="https://www.amazon.com/dp/B0C9W8DD9S?tag=eloabder-20&linkCode=osi&th=1&psc=1">View Product</a></div><div class="product"><a href="https://www.amazon.com/dp/B019QBOG3U?tag=eloabder-20&linkCode=osi&th=1&psc=1"><img src="https://m.media-amazon.com/images/I/416PjSebDoL._SL500_.jpg" alt="Product Image"></a><p>Paper Mate Colorful Gel Pens - InkJoy Gel Pens Assorted Medium Point (0.7). Perfect for Vibrant Colored Writing and Sketching with Paper Mate InkJoy 14 Count</p><p> -18% 0FF </p><p>$10.31</p><a href="https://www.amazon.com/dp/B019QBOG3U?tag=eloabder-20&linkCode=osi&th=1&psc=1">View Product</a></div><div class="product"><a href="https://www.amazon.com/dp/B0C73JDN4S?tag=eloabder-20&linkCode=osi&th=1&psc=1"><img src="https://m.media-amazon.com/images/I/51DJUUxL7HL._SL500_.jpg" alt="Product Image"></a><p>Linbsunne Ballpoint Pens Black Medium Point 1mm Pen with Super Soft Grip Ball Point Pen for Men Women Retractable Pens (gold-12 pcs)</p><p> -10% 0FF </p><p>$8.99</p><a href="https://www.amazon.com/dp/B0C73JDN4S?tag=eloabder-20&linkCode=osi&th=1&psc=1">View Product</a></div><div class="product"><a href="https://www.amazon.com/dp/B001OTA66O?tag=eloabder-20&linkCode=osi&th=1&psc=1"><img src="https://m.media-amazon.com/images/I/41yS5tBZQLL._SL500_.jpg" alt="Product Image"></a><p>BIC Glide Black Retractable Ballpoint Pens, Medium Point (1.0mm), 4-Count Pack, Ultra Smooth Writing Black Pens</p><p> -40% 0FF </p><p>$2.99</p><a href="https://www.amazon.com/dp/B001OTA66O?tag=eloabder-20&linkCode=osi&th=1&psc=1">View Product</a></div>
<div class="product"><a href="https://www.amazon.com/dp/B002HVXXCW?tag=eloabder-20&linkCode=osi&th=1&psc=1"><img src="https://m.media-amazon.com/images/I/41JeEedXCeL._SL500_.jpg" alt="Product Image"></a><p>Ticonderoga Wood-Cased Pencils, Pre-Sharpened, 2 HB Soft, Yellow, 10 Count</p><p> -58% 0FF </p><p>$2.49</p><a href="https://www.amazon.com/dp/B002HVXXCW?tag=eloabder-20&linkCode=osi&th=1&psc=1">View Product</a></div><div class="product"><a href="https://www.amazon.com/dp/B077Q4B6YN?tag=eloabder-20&linkCode=osi&th=1&psc=1"><img src="https://m.media-amazon.com/images/I/4160YcHGDNL._SL500_.jpg" alt="Product Image"></a><p>Paper Mate 2017483 Mechanical Pencils for Handwriting, Triangular, 5/PK, AST</p><p> -45% 0FF </p><p>$3.47</p><a href="https://www.amazon.com/dp/B077Q4B6YN?tag=eloabder-20&linkCode=osi&th=1&psc=1">View Product</a></div>
<div class="product"><a href="https://www.amazon.com/dp/B0D7YTZNRF?tag=eloabder-20&linkCode=osi&th=1&psc=1"><img src="https://m.media-amazon.com/images/I/41hSbSlNAmL._SL500_.jpg" alt="Product Image"></a><p>YASNAY Alcohol Markers, 48 Colors Dual Tip Art Marker, Drawing Markers, Coloring Marker for Kids Sketching Adult Coloring</p><p> -27% 0FF </p><p>$10.99</p><a href="https://www.amazon.com/dp/B0D7YTZNRF?tag=eloabder-20&linkCode=osi&th=1&psc=1">View Product</a></div><div class="product"><a href="https://www.amazon.com/dp/B07CJ8QXF8?tag=eloabder-20&linkCode=osi&th=1&psc=1"><img src="https://m.media-amazon.com/images/I/51bChi4-H4L._SL500_.jpg" alt="Product Image"></a><p>Dual Markers Brush Pens, 36 Fine Point Art Marker, Double Tip Colored Pen for Adult Coloring Hand Lettering, School Classroom Art Suppliers</p><p> -20% 0FF </p><p>$7.98</p><a href="https://www.amazon.com/dp/B07CJ8QXF8?tag=eloabder-20&linkCode=osi&th=1&psc=1">View Product</a></div><div class="product"><a href="https://www.amazon.com/dp/B071CP6X88?tag=eloabder-20&linkCode=osi&th=1&psc=1"><img src="https://m.media-amazon.com/images/I/41sNeEYkTNL._SL500_.jpg" alt="Product Image"></a><p>Crayola Super Tips Marker Set for Kids (100ct), Broad Tip & Fine Point Washable Art Markers for Kids, Bulk School Supplies, Teacher Classroom Must Haves, Drawing Supplies</p><p> -19% 0FF </p><p>$16.29</p><a href="https://www.amazon.com/dp/B071CP6X88?tag=eloabder-20&linkCode=osi&th=1&psc=1">View Product</a></div><div class="product"><a href="https://www.amazon.com/dp/B08MBFPFCQ?tag=eloabder-20&linkCode=osi&th=1&psc=1"><img src="https://m.media-amazon.com/images/I/51DaGL7Z4oL._SL500_.jpg" alt="Product Image"></a><p>Sharpie Permanent Markers Variety Pack, Includes Chisel, Fine, and Ultra-Fine Tips, Marker Set, Writing, Coloring, Poster, Office, School Supplies, Black, 6 Count</p><p> -19% 0FF </p><p>$4.63 ($0.77 / Count)</p><a href="https://www.amazon.com/dp/B08MBFPFCQ?tag=eloabder-20&linkCode=osi&th=1&psc=1">View Product</a></div>
<div class="product"><a href="https://www.amazon.com/dp/B09Y2KJ2KX?tag=eloabder-20&linkCode=osi&th=1&psc=1"><img src="https://m.media-amazon.com/images/I/41EhQr7suML._SL500_.jpg" alt="Product Image"></a><p>Sharpie Pocket Highlighters, Mild Pastel Colors, Assorted, Chisel Tip, 12 Count - School, Home, and Office Use, Teacher Supplies</p><p> -22% 0FF </p><p>$7.76 ($0.65 / Count)</p><a href="https://www.amazon.com/dp/B09Y2KJ2KX?tag=eloabder-20&linkCode=osi&th=1&psc=1">View Product</a></div><div class="product"><a href="https://www.amazon.com/dp/B08698MJWT?tag=eloabder-20&linkCode=osi&th=1&psc=1"><img src="https://m.media-amazon.com/images/I/512N7aYt5oL._SL500_.jpg" alt="Product Image"></a><p>Sharpie S-Note Creative Markers, Pastel Highlighters, Art Marker Set, Assorted Colors, Chisel Tip, 24 Count - School, Home, and Office Use, Teacher Supplies</p><p> -60% 0FF </p><p>$8.83</p><a href="https://www.amazon.com/dp/B08698MJWT?tag=eloabder-20&linkCode=osi&th=1&psc=1">View Product</a></div>
<div class="product"><a href="https://www.amazon.com/dp/B097DPQPYN?tag=eloabder-20&linkCode=osi&th=1&psc=1"><img src="https://m.media-amazon.com/images/I/51nFyQPtfkL._SL500_.jpg" alt="Product Image"></a><p>Sonuimy Pencil Sharpeners, 4 Pcs Pencil Sharpeners Manual,Dual Holes Compact Colored Handheld Pencil Sharpener for Kids with Lid Adults Students School Class Home Office (Covered)</p><p> -13% 0FF </p><p>$4.49</p><a href="https://www.amazon.com/dp/B097DPQPYN?tag=eloabder-20&linkCode=osi&th=1&psc=1">View Product</a></div><div class="product"><a href="https://www.amazon.com/dp/B000MFN1G8?tag=eloabder-20&linkCode=osi&th=1&psc=1"><img src="https://m.media-amazon.com/images/I/41JPflroUEL._SL500_.jpg" alt="Product Image"></a><p>Compact Desktop Electric Pencil Sharpener, Black, Sold as 1 Each</p><p> -21% 0FF </p><p>$15.89</p><a href="https://www.amazon.com/dp/B000MFN1G8?tag=eloabder-20&linkCode=osi&th=1&psc=1">View Product</a></div><div class="product"><a href="https://www.amazon.com/dp/B00125KXGI?tag=eloabder-20&linkCode=osi&th=1&psc=1"><img src="https://m.media-amazon.com/images/I/51avY0bZv6L._SL500_.jpg" alt="Product Image"></a><p>Bostitch Office Personal Electric Pencil Sharpener, Powerful Stall-Free Motor, High Capacity Shavings Tray, Blue</p><p> -13% 0FF </p><p>$17.48</p><a href="https://www.amazon.com/dp/B00125KXGI?tag=eloabder-20&linkCode=osi&th=1&psc=1">View Product</a></div><div class="product"><a href="https://www.amazon.com/dp/B078DZY9Z5?tag=eloabder-20&linkCode=osi&th=1&psc=1"><img src="https://m.media-amazon.com/images/I/41KbUFGrXfL._SL500_.jpg" alt="Product Image"></a><p>JARLINK Electric Pencil Sharpener, Heavy-Duty Helical Blade to Fast Sharpen, Auto Stop for No.2/Colored Pencils(6-8mm), AC Adapter/Battery Operated in School Classroom/Office/Home (Black)</p><p> -21% 0FF </p><p>$16.98</p><a href="https://www.amazon.com/dp/B078DZY9Z5?tag=eloabder-20&linkCode=osi&th=1&psc=1">View Product</a></div><div class="product"><a href="https://www.amazon.com/dp/B08DLXH86D?tag=eloabder-20&linkCode=osi&th=1&psc=1"><img src="https://m.media-amazon.com/images/I/41UghsnBycL._SL500_.jpg" alt="Product Image"></a><p>Aogwat Pencil Sharpener Electric Pencil Sharpener for Kids, Blade to Fast Sharpen, Suitable for No.2/School/Classroom/Office/Home (Black)</p><p> -23% 0FF </p><p>$9.99</p><a href="https://www.amazon.com/dp/B08DLXH86D?tag=eloabder-20&linkCode=osi&th=1&psc=1">View Product</a></div><div class="product"><a href="https://www.amazon.com/dp/B000GP0VIU?tag=eloabder-20&linkCode=osi&th=1&psc=1"><img src="https://m.media-amazon.com/images/I/318OKKSwzbL._SL500_.jpg" alt="Product Image"></a><p>Bostitch Office Wall Mount Manual Pencil Sharpener, Tip Saver, 8 Hole Dial, 6X Longer Cutter Life, Vertical or Horizontal Mounting Black (MPS1-BLK)</p><p> -9% 0FF </p><p>$13.18</p><a href="https://www.amazon.com/dp/B000GP0VIU?tag=eloabder-20&linkCode=osi&th=1&psc=1">View Product</a></div>
<div class="product"><a href="https://www.amazon.com/dp/B00094H4LU?tag=eloabder-20&linkCode=osi&th=1&psc=1"><img src="https://m.media-amazon.com/images/I/41f-fbZYU1L._SL500_.jpg" alt="Product Image"></a><p>Paper Mate Erasers | Pink Pearl Large Erasers 12 Count</p><p> -55% 0FF </p><p>$6.03</p><a href="https://www.amazon.com/dp/B00094H4LU?tag=eloabder-20&linkCode=osi&th=1&psc=1">View Product</a></div><div class="product"><a href="https://www.amazon.com/dp/B07DPVVMWB?tag=eloabder-20&linkCode=osi&th=1&psc=1"><img src="https://m.media-amazon.com/images/I/51wLlsENgiL._SL500_.jpg" alt="Product Image"></a><p>Mr. Pen Erasers for Pencils, 120 Pack, Pencil Top Erasers, Eraser Caps, Cap Tops, Topper Erasers. Ereaser</p><p> -24% 0FF </p><p>$5.95</p><a href="https://www.amazon.com/dp/B07DPVVMWB?tag=eloabder-20&linkCode=osi&th=1&psc=1">View Product</a></div><div class="product"><a href="https://www.amazon.com/dp/B07144DC8V?tag=eloabder-20&linkCode=osi&th=1&psc=1"><img src="https://m.media-amazon.com/images/I/51Ed1+HW9cL._SL500_.jpg" alt="Product Image"></a><p>Pentel Hi-Polymer Block Eraser, White, 10/Box (ZEH10PC10)</p><p> -44% 0FF </p><p>$9.99</p><a href="https://www.amazon.com/dp/B07144DC8V?tag=eloabder-20&linkCode=osi&th=1&psc=1">View Product</a></div><div class="product"><a href="https://www.amazon.com/dp/B0047CT6SE?tag=eloabder-20&linkCode=osi&th=1&psc=1"><img src="https://m.media-amazon.com/images/I/41bhWXKeeiL._SL500_.jpg" alt="Product Image"></a><p>Pentel Clic Retractable Eraser with Grip, 3 Pack</p><p> -29% 0FF </p><p>$4.77</p><a href="https://www.amazon.com/dp/B0047CT6SE?tag=eloabder-20&linkCode=osi&th=1&psc=1">View Product</a></div>
<div class="product"><a href="https://www.amazon.com/dp/B09S9X3HV7?tag=eloabder-20&linkCode=osi&th=1&psc=1"><img src="https://m.media-amazon.com/images/I/51GgMyfl5VL._SL500_.jpg" alt="Product Image"></a><p>Color Transparent Ruler Plastic Rulers - Ruler 12 inch, Kids Ruler for School, Ruler with Centimeters, Millimeter and Inches, Assorted Colors, Clear Rulers, 7 Pack School Rulers</p><p> -16% 0FF </p><p>$5.99</p><a href="https://www.amazon.com/dp/B09S9X3HV7?tag=eloabder-20&linkCode=osi&th=1&psc=1">View Product</a></div><div class="product"><a href="https://www.amazon.com/dp/B06XK9VQM4?tag=eloabder-20&linkCode=osi&th=1&psc=1"><img src="https://m.media-amazon.com/images/I/51Glln3n-nL._SL500_.jpg" alt="Product Image"></a><p>Outus 12 Pack Wood Ruler Bulk for Students Wooden School Rulers Gifts Office Classroom Measuring, 2 Scale, 12 Inch and 30 cm</p><p> -6% 0FF </p><p>$7.99</p><a href="https://www.amazon.com/dp/B06XK9VQM4?tag=eloabder-20&linkCode=osi&th=1&psc=1">View Product</a></div><div class="product"><a href="https://www.amazon.com/dp/B0B5MLTG7J?tag=eloabder-20&linkCode=osi&th=1&psc=1"><img src="https://m.media-amazon.com/images/I/51z9LUxLKmL._SL500_.jpg" alt="Product Image"></a><p>DAGONGREN 30 Pack Clear Plastic Rulers 12 Inch,Transparent Assorted Color Metric Bulk Rulers with Inches and Centimeters,Kids Ruler for School,Home,Office</p><p> -9% 0FF </p><p>$9.99</p><a href="https://www.amazon.com/dp/B0B5MLTG7J?tag=eloabder-20&linkCode=osi&th=1&psc=1">View Product</a></div><div class="product"><a href="https://www.amazon.com/dp/B096MPPF53?tag=eloabder-20&linkCode=osi&th=1&psc=1"><img src="https://m.media-amazon.com/images/I/51qUpElDRcS._SL500_.jpg" alt="Product Image"></a><p>Tenare 1 Set Plastic Clear Math Set Includes Protractor Triangle Rulers 12 Inch 6 Inch Straight Geometry Math Transparent Ruler Measuring Tool for School Office Home Supplies(Clear)</p><p> -25% 0FF </p><p>$5.98</p><a href="https://www.amazon.com/dp/B096MPPF53?tag=eloabder-20&linkCode=osi&th=1&psc=1">View Product</a></div>
<div class="product"><a href="https://www.amazon.com/dp/B07YDDX4JL?tag=eloabder-20&linkCode=osi&th=1&psc=1"><img src="https://m.media-amazon.com/images/I/41oBPZwCRLL._SL500_.jpg" alt="Product Image"></a><p>3-Pack 8" Heavy Duty Scissors with Ultra Sharp Blades and Comfort Grip Handles - For Office, Home, School, Sewing, and Crafts</p><p> -15% 0FF </p><p>$8.49 ($2.83 / Count)</p><a href="https://www.amazon.com/dp/B07YDDX4JL?tag=eloabder-20&linkCode=osi&th=1&psc=1">View Product</a></div><div class="product"><a href="https://www.amazon.com/dp/B01BRGU8R0?tag=eloabder-20&linkCode=osi&th=1&psc=1"><img src="https://m.media-amazon.com/images/I/41ANVra+eNL._SL500_.jpg" alt="Product Image"></a><p>Amazon Basics Stainless Steel Scissors for Office, Crafts, Multipurpose, Sharp, Comfort Grip, PVD Coated, 3 Pack, Multicolor</p><p> -45% 0FF </p><p>$7.55</p><a href="https://www.amazon.com/dp/B01BRGU8R0?tag=eloabder-20&linkCode=osi&th=1&psc=1">View Product</a></div><div class="product"><a href="https://www.amazon.com/dp/B000P0LNRE?tag=eloabder-20&linkCode=osi&th=1&psc=1"><img src="https://m.media-amazon.com/images/I/41fWgMTO0JL._SL500_.jpg" alt="Product Image"></a><p>Westcott 8-Inch Titanium-Bonded Scissors with Adjustable Glide Feature for Office and Home - Gray/Yellow, 2-Pack</p><p> -33% 0FF </p><p>$9.97</p><a href="https://www.amazon.com/dp/B000P0LNRE?tag=eloabder-20&linkCode=osi&th=1&psc=1">View Product</a></div>
<div class="product"><a href="https://www.amazon.com/dp/B074ZRZ4CZ?tag=eloabder-20&linkCode=osi&th=1&psc=1"><img src="https://m.media-amazon.com/images/I/41bu+HKxC2L._SL500_.jpg" alt="Product Image"></a><p>Swingline Commercial Stapler, 20 Sheet Capacity, Jam Free, Metal, 2 Pack, Black (44401AZ)</p><p> -5% 0FF </p><p>$18.98</p><a href="https://www.amazon.com/dp/B074ZRZ4CZ?tag=eloabder-20&linkCode=osi&th=1&psc=1">View Product</a></div><div class="product"><a href="https://www.amazon.com/dp/B001PME62K?tag=eloabder-20&linkCode=osi&th=1&psc=1"><img src="https://m.media-amazon.com/images/I/41gbaJu-3iL._SL500_.jpg" alt="Product Image"></a><p>Swingline Stapler, 40 Sheet Capacity, Optima 40, Jam Free, Reduced Effort, Soft Grip, Metal, Orange and Gray (87845)</p><p> -14% 0FF </p><p>$24.19</p><a href="https://www.amazon.com/dp/B001PME62K?tag=eloabder-20&linkCode=osi&th=1&psc=1">View Product</a></div><div class="product"><a href="https://www.amazon.com/dp/B0D2JBKYM1?tag=eloabder-20&linkCode=osi&th=1&psc=1"><img src="https://m.media-amazon.com/images/I/41zFTU9QpfL._SL500_.jpg" alt="Product Image"></a><p>Bostitch Office Stapler, No-Jam Premium for Desktop, Includes 1,250 Staples, Full-Strip, 25 Sheet Capacity, Black</p><p> -26% 0FF </p><p>$6.99</p><a href="https://www.amazon.com/dp/B0D2JBKYM1?tag=eloabder-20&linkCode=osi&th=1&psc=1">View Product</a></div><div class="product"><a href="https://www.amazon.com/dp/B0CC5GJKM1?tag=eloabder-20&linkCode=osi&th=1&psc=1"><img src="https://m.media-amazon.com/images/I/41JDDoSZQiL._SL500_.jpg" alt="Product Image"></a><p>Metal Stapler Heavy Duty 50 Sheet Capacity with 1750 Staples and Staple Remover, Full Strip Staplers for Desk, No Jam, Non-Slip for Office & Classroom, Black</p><p> -33% 0FF </p><p>$13.29</p><a href="https://www.amazon.com/dp/B0CC5GJKM1?tag=eloabder-20&linkCode=osi&th=1&psc=1">View Product</a></div><div class="product"><a href="https://www.amazon.com/dp/B0006HUQZ6?tag=eloabder-20&linkCode=osi&th=1&psc=1"><img src="https://m.media-amazon.com/images/I/31e-T-f1TGL._SL500_.jpg" alt="Product Image"></a><p>Swingline Stapler, 30 Sheet Capacity, 747 Business Stapler, Jam Free, Metal, Rio Red (74736)</p><p> -23% 0FF </p><p>$15.30</p><a href="https://www.amazon.com/dp/B0006HUQZ6?tag=eloabder-20&linkCode=osi&th=1&psc=1">View Product</a></div>
<div class="product"><a href="https://www.amazon.com/dp/B00J8PJJF0?tag=eloabder-20&linkCode=osi&th=1&psc=1"><img src="https://m.media-amazon.com/images/I/418dc+5ZGkL._SL500_.jpg" alt="Product Image"></a><p>Bostitch Office Premium Standard Staples, 1/4" Full Strip, Box of 5,000 Staples</p><p> -27% 0FF </p><p>$4.39</p><a href="https://www.amazon.com/dp/B00J8PJJF0?tag=eloabder-20&linkCode=osi&th=1&psc=1">View Product</a></div><div class="product"><a href="https://www.amazon.com/dp/B079VYR12V?tag=eloabder-20&linkCode=osi&th=1&psc=1"><img src="https://m.media-amazon.com/images/I/51xAt88vqrL._SL500_.jpg" alt="Product Image"></a><p>Officemate Standard Staples, 10 Boxes General Purpose Staple (91950)</p><p> -10% 0FF </p><p>$14.37</p><a href="https://www.amazon.com/dp/B079VYR12V?tag=eloabder-20&linkCode=osi&th=1&psc=1">View Product</a></div><div class="product"><a href="https://www.amazon.com/dp/B00006IFMQ?tag=eloabder-20&linkCode=osi&th=1&psc=1"><img src="https://m.media-amazon.com/images/I/51UsWZuFq8L._SL500_.jpg" alt="Product Image"></a><p>Bostitch Office B8 PowerCrown 0.25 Inch Staples, Pack of 5,000 Staples (STCRP21151/4), Silver</p><p> -30% 0FF </p><p>$2.33</p><a href="https://www.amazon.com/dp/B00006IFMQ?tag=eloabder-20&linkCode=osi&th=1&psc=1">View Product</a></div>
<div class="product"><a href="https://www.amazon.com/dp/B000J07BRQ?tag=eloabder-20&linkCode=osi&th=1&psc=1"><img src="https://m.media-amazon.com/images/I/51QpJKjajbL._SL500_.jpg" alt="Product Image"></a><p>Scotch Heavy Duty Shipping Packing Tape, Clear, Packing Tape for Moving Boxes and Packaging Supplies, 1.88 in. x 22.2 yd., 6 Roll Dispensers, Moving Supplies</p><p> -35% 0FF </p><p>$12.99</p><a href="https://www.amazon.com/dp/B000J07BRQ?tag=eloabder-20&linkCode=osi&th=1&psc=1">View Product</a></div><div class="product"><a href="https://www.amazon.com/dp/B0000DH8HQ?tag=eloabder-20&linkCode=osi&th=1&psc=1"><img src="https://m.media-amazon.com/images/I/414lAY+087L._SL500_.jpg" alt="Product Image"></a><p>Scotch Magic Tape, Invisible Transparent Tape, 6 Tape Rolls with Dispensers, 3/4 in x 650 in</p><p> -23% 0FF </p><p>$12.34</p><a href="https://www.amazon.com/dp/B0000DH8HQ?tag=eloabder-20&linkCode=osi&th=1&psc=1">View Product</a></div><div class="product"><a href="https://www.amazon.com/dp/B0DQHV6X92?tag=eloabder-20&linkCode=osi&th=1&psc=1"><img src="https://m.media-amazon.com/images/I/51ViCFlgldL._SL500_.jpg" alt="Product Image"></a><p>BeataTap Tape, Invisible Tape, 6 Rolls + 6 Refillable Dispensers, Matte Finish, Writable, 3/4″ x 650″, Transparent Tape, Clear Tape for Gift Wrapping Paper, School Supplies</p><p> -15% 0FF </p><p>$5.94 ($0.99 / Count)</p><a href="https://www.amazon.com/dp/B0DQHV6X92?tag=eloabder-20&linkCode=osi&th=1&psc=1">View Product</a></div><div class="product"><a href="https://www.amazon.com/dp/B07CB6LN5S?tag=eloabder-20&linkCode=osi&th=1&psc=1"><img src="https://m.media-amazon.com/images/I/41NNyeISnjL._SL500_.jpg" alt="Product Image"></a><p>Scotch Super-Hold Tape, 2 Rolls, Transparent Finish, 50% More Adhesive, Trusted Favorite, 3/4 x 600 Inches, Dispensered (198DM-2)</p><p> -30% 0FF </p><p>$5.97</p><a href="https://www.amazon.com/dp/B07CB6LN5S?tag=eloabder-20&linkCode=osi&th=1&psc=1">View Product</a></div><div class="product"><a href="https://www.amazon.com/dp/B00464740A?tag=eloabder-20&linkCode=osi&th=1&psc=1"><img src="https://m.media-amazon.com/images/I/51ZPFoiGfuL._SL500_.jpg" alt="Product Image"></a><p>Scotch Sure Start Shipping Packaging Tape, 1.88" x 22.2 yd, Designed for Packing, Shipping and Mailing, Quiet Unwind, No Splitting or Tearing, 1.5" Core, Clear, 6 Dispensered Rolls (145-6)</p><p> -28% 0FF </p><p>$13.48</p><a href="https://www.amazon.com/dp/B00464740A?tag=eloabder-20&linkCode=osi&th=1&psc=1">View Product</a></div><div class="product"><a href="https://www.amazon.com/dp/B09C6LLG9P?tag=eloabder-20&linkCode=osi&th=1&psc=1"><img src="https://m.media-amazon.com/images/I/41rbv66ZNBL._SL500_.jpg" alt="Product Image"></a><p>Scotch Box Lock Packaging Tape, 1 Roll with Dispenser, 1.88 in x 1000 in, Extreme Grip, Sticks Instantly to Any Box (195L)</p><p> -31% 0FF </p><p>$4.12</p><a href="https://www.amazon.com/dp/B09C6LLG9P?tag=eloabder-20&linkCode=osi&th=1&psc=1">View Product</a></div>
<div class="product"><a href="https://www.amazon.com/dp/B08QQZ71CV?tag=eloabder-20&linkCode=osi&th=1&psc=1"><img src="https://m.media-amazon.com/images/I/51Foz0aGYoS._SL500_.jpg" alt="Product Image"></a><p>Gorilla Super Glue, Clear Glue, Four 3 Gram Tubes (Pack of 1) - All Purpose and Fast Setting for Projects and Repairs</p><p> -25% 0FF </p><p>$9.49 ($22.60 / Ounce)</p><a href="https://www.amazon.com/dp/B08QQZ71CV?tag=eloabder-20&linkCode=osi&th=1&psc=1">View Product</a></div><div class="product"><a href="https://www.amazon.com/dp/B07J6R3GK7?tag=eloabder-20&linkCode=osi&th=1&psc=1"><img src="https://m.media-amazon.com/images/I/31kdOjGBkpL._SL500_.jpg" alt="Product Image"></a><p>Amazon Basics All Purpose Washable School Clear Liquid Glue - Great for Making Slime, 128 fl oz</p><p> -6% 0FF </p><p>$16.13</p><a href="https://www.amazon.com/dp/B07J6R3GK7?tag=eloabder-20&linkCode=osi&th=1&psc=1">View Product</a></div><div class="product"><a href="https://www.amazon.com/dp/B00178QQJ8?tag=eloabder-20&linkCode=osi&th=1&psc=1"><img src="https://m.media-amazon.com/images/I/41zs6k410RL._SL500_.jpg" alt="Product Image"></a><p>Mod Podge Gloss Sealer, Glue & Finish: All-in-One Craft Solution- Quick Dry, Easy Clean, for Wood, Paper, Fabric & More. Non-Toxic - Craft with Confidence, Made in USA, 16 oz., Pack of 1</p><p> -36% 0FF </p><p>$7.99 ($0.50 / Fl Oz)</p><a href="https://www.amazon.com/dp/B00178QQJ8?tag=eloabder-20&linkCode=osi&th=1&psc=1">View Product</a></div><div class="product"><a href="https://www.amazon.com/dp/B073V14DZJ?tag=eloabder-20&linkCode=osi&th=1&psc=1"><img src="https://m.media-amazon.com/images/I/31Iyy5+vk6L._SL500_.jpg" alt="Product Image"></a><p>Amazon Basics All Purpose Washable School Craft Liquid Glue for Making Slime, White, Single Pack, 1 Gallon</p><p> -7% 0FF </p><p>$15.54</p><a href="https://www.amazon.com/dp/B073V14DZJ?tag=eloabder-20&linkCode=osi&th=1&psc=1">View Product</a></div><div class="product"><a href="https://www.amazon.com/dp/B0006HUJCQ?tag=eloabder-20&linkCode=osi&th=1&psc=1"><img src="https://m.media-amazon.com/images/I/511pTqChTCL._SL500_.jpg" alt="Product Image"></a><p>Loctite Super Glue Gel Control, Clear, 0.14 fl oz Bottle, 1 Pack - Superglue for Plastic, Wood, Metal, Crafts & Repair, Cyanoacrylate Adhesive Instant Glue, Quick Dry</p><p> -13% 0FF </p><p>$3.64 ($26.00 / Fl Oz)</p><a href="https://www.amazon.com/dp/B0006HUJCQ?tag=eloabder-20&linkCode=osi&th=1&psc=1">View Product</a></div>
<div class="product"><a href="https://www.amazon.com/dp/B074XTRX7K?tag=eloabder-20&linkCode=osi&th=1&psc=1"><img src="https://m.media-amazon.com/images/I/31rOPIrMfDL._SL500_.jpg" alt="Product Image"></a><p>Amazon Basics Sturdy Binder Clips for Office Use, 96 Count (8 Pack of 12), Medium, 1.25 in, Black</p><p> -26% 0FF </p><p>$7.48</p><a href="https://www.amazon.com/dp/B074XTRX7K?tag=eloabder-20&linkCode=osi&th=1&psc=1">View Product</a></div><div class="product"><a href="https://www.amazon.com/dp/B00TQ8FDB8?tag=eloabder-20&linkCode=osi&th=1&psc=1"><img src="https://m.media-amazon.com/images/I/51y7lUrMLnL._SL500_.jpg" alt="Product Image"></a><p>ACCO Binder Clips, Medium, Black, 12 per Box, 2 Boxes (72062)</p><p> -25% 0FF </p><p>$5.96</p><a href="https://www.amazon.com/dp/B00TQ8FDB8?tag=eloabder-20&linkCode=osi&th=1&psc=1">View Product</a></div><div class="product"><a href="https://www.amazon.com/dp/B08KWCDP3C?tag=eloabder-20&linkCode=osi&th=1&psc=1"><img src="https://m.media-amazon.com/images/I/41qucDz6HuL._SL500_.jpg" alt="Product Image"></a><p>Ufmarine Medium Binder Clips 1.25 inch Length, (40 Pcs) Colorful Paper Clips Medium for Office</p><p> -12% 0FF </p><p>$5.99</p><a href="https://www.amazon.com/dp/B08KWCDP3C?tag=eloabder-20&linkCode=osi&th=1&psc=1">View Product</a></div>
<div class="product"><a href="https://www.amazon.com/dp/B09XQLJFDD?tag=eloabder-20&linkCode=osi&th=1&psc=1"><img src="https://m.media-amazon.com/images/I/41iiSFMy4uL._SL500_.jpg" alt="Product Image"></a><p>PAPERPAL Paperclips for Office School & Personal Use, #1 Nonskid Paper Clip (1-2/7"), 600 Medium Paper Clips (6 Boxes of 100 Each), Silver</p><p> -20% 0FF </p><p>$7.99</p><a href="https://www.amazon.com/dp/B09XQLJFDD?tag=eloabder-20&linkCode=osi&th=1&psc=1">View Product</a></div>

<div class="product"><a href="https://www.amazon.com/dp/B004I2G8NO?tag=eloabder-20&linkCode=osi&th=1&psc=1"><img src="https://m.media-amazon.com/images/I/51WEsLRINGL._SL500_.jpg" alt="Product Image"></a><p>Business Source Rubber Band, Natural (1914LB)</p><p> -26% 0FF </p><p>$4.00</p><a href="https://www.amazon.com/dp/B004I2G8NO?tag=eloabder-20&linkCode=osi&th=1&psc=1">View Product</a></div><div class="product"><a href="https://www.amazon.com/dp/B077GDY1LP?tag=eloabder-20&linkCode=osi&th=1&psc=1"><img src="https://m.media-amazon.com/images/I/41nn0nmNTiL._SL500_.jpg" alt="Product Image"></a><p>ANNIE 1000 RUBBER BANDS 1/2" #BLACK</p><p> -7% 0FF </p><p>$4.90 ($1.22 / Count)</p><a href="https://www.amazon.com/dp/B077GDY1LP?tag=eloabder-20&linkCode=osi&th=1&psc=1">View Product</a></div><div class="product"><a href="https://www.amazon.com/dp/B000783OPI?tag=eloabder-20&linkCode=osi&th=1&psc=1"><img src="https://m.media-amazon.com/images/I/510okXKzMqL._SL500_.jpg" alt="Product Image"></a><p>Universal 00419 19-Size Rubber Bands (335 Per Pack), Beige</p><p> -29% 0FF </p><p>$3.44</p><a href="https://www.amazon.com/dp/B000783OPI?tag=eloabder-20&linkCode=osi&th=1&psc=1">View Product</a></div><div class="product"><a href="https://www.amazon.com/dp/B00006IBRU?tag=eloabder-20&linkCode=osi&th=1&psc=1"><img src="https://m.media-amazon.com/images/I/51pU5khkX8L._SL500_.jpg" alt="Product Image"></a><p>ALL26335 - Alliance Rubber 26335 Advantage Rubber Bands - Size #33, Natural, 1 Pound 3 x 1/8 inches</p><p> -62% 0FF </p><p>$3.29</p><a href="https://www.amazon.com/dp/B00006IBRU?tag=eloabder-20&linkCode=osi&th=1&psc=1">View Product</a></div>
<div class="product"><a href="https://www.amazon.com/dp/B0DSKTZBB6?tag=eloabder-20&linkCode=osi&th=1&psc=1"><img src="https://m.media-amazon.com/images/I/415YD3kNFlL._SL500_.jpg" alt="Product Image"></a><p>300 Count Colored Index Cards 3 x 5 Inch Ruled Index Cards, Flash Cards College Ruled for School, College, Office and Home Organization, Durable Study To Do List Note Cards with Ruled Lines</p><p> -10% 0FF </p><p>$6.29</p><a href="https://www.amazon.com/dp/B0DSKTZBB6?tag=eloabder-20&linkCode=osi&th=1&psc=1">View Product</a></div><div class="product"><a href="https://www.amazon.com/dp/B09JYQZQ3V?tag=eloabder-20&linkCode=osi&th=1&psc=1"><img src="https://m.media-amazon.com/images/I/41y5vfnutuL._SL500_.jpg" alt="Product Image"></a><p>Oxford Index Cards, 3 x 5 Inches, White, Lined on Front, Blank on Back, Flashcards for School and Studying, Recipe Note Cards, 500 Count (5 Packs of 100) (40176)</p><p> -22% 0FF </p><p>$7.01</p><a href="https://www.amazon.com/dp/B09JYQZQ3V?tag=eloabder-20&linkCode=osi&th=1&psc=1">View Product</a></div>
<div class="product"><a href="https://www.amazon.com/dp/B00P9U2EM8?tag=eloabder-20&linkCode=osi&th=1&psc=1"><img src="https://m.media-amazon.com/images/I/41Op5kyIukL._SL500_.jpg" alt="Product Image"></a><p>Mead Spiral Notebook, 6 Pack, 1 Subject, College Ruled Paper, 7-1/2" x 10-1/2", 70 Sheets per Notebook, Colors Will Vary (830062-ECM25)</p><p> -46% 0FF </p><p>$6.71</p><a href="https://www.amazon.com/dp/B00P9U2EM8?tag=eloabder-20&linkCode=osi&th=1&psc=1">View Product</a></div><div class="product"><a href="https://www.amazon.com/dp/B0CQN8FVJX?tag=eloabder-20&linkCode=osi&th=1&psc=1"><img src="https://m.media-amazon.com/images/I/414WVVoGFPL._SL500_.jpg" alt="Product Image"></a><p>SUNEE Spiral Notebooks, 1-Subject, 5 Pack, College Ruled Paper, 8" x 10-1/2", 70 Sheets per Notebook,3-Hole Punched Paper, Pink,Purple, Blue, Green, Yellow Spiral Lined Notebooks for School,Work</p><p> -29% 0FF </p><p>$9.99</p><a href="https://www.amazon.com/dp/B0CQN8FVJX?tag=eloabder-20&linkCode=osi&th=1&psc=1">View Product</a></div><div class="product"><a href="https://www.amazon.com/dp/B08NYRMWZ8?tag=eloabder-20&linkCode=osi&th=1&psc=1"><img src="https://m.media-amazon.com/images/I/41y1cnNXtOL._SL500_.jpg" alt="Product Image"></a><p>Yansanido Spiral Notebook, 4 Pcs 8.3 Inch x 5.9 Inch A5 Thick Plastic Hardcover 8mm Ruled 4 Color 80 Sheets -160 Pages Journals for Study and Notes (style 10-Wine Red,Brown,Green,ivory, A5)</p><p> -23% 0FF </p><p>$9.99</p><a href="https://www.amazon.com/dp/B08NYRMWZ8?tag=eloabder-20&linkCode=osi&th=1&psc=1">View Product</a></div><div class="product"><a href="https://www.amazon.com/dp/B08VF9VYLZ?tag=eloabder-20&linkCode=osi&th=1&psc=1"><img src="https://m.media-amazon.com/images/I/41ktUSmtHAL._SL500_.jpg" alt="Product Image"></a><p>Oxford Spiral Notebooks, 6 Pack, 1 Subject, Wide Ruled Notebooks for School, 8 x 10.5 Inches, 70 Sheets, Assorted Pastel Colors, Back to School Supplies (63757)</p><p> -6% 0FF </p><p>$8.99</p><a href="https://www.amazon.com/dp/B08VF9VYLZ?tag=eloabder-20&linkCode=osi&th=1&psc=1">View Product</a></div>
<div class="product"><a href="https://www.amazon.com/dp/B0FDRCSXZH?tag=eloabder-20&linkCode=osi&th=1&psc=1"><img src="https://m.media-amazon.com/images/I/41rYztS-0zL._SL500_.jpg" alt="Product Image"></a><p>5pcs Small Note Pads, Color Notepads 5x8 College Ruled Notebook, Writing Pads 5 x 8, Legal Pads, Memo Pad Paper Perforate Narrow Ruled Notebooks for Work, School, Office Supplies,30 Sheets/Pack</p><p> -14% 0FF </p><p>$5.99</p><a href="https://www.amazon.com/dp/B0FDRCSXZH?tag=eloabder-20&linkCode=osi&th=1&psc=1">View Product</a></div><div class="product"><a href="https://www.amazon.com/dp/B0BZQNCV62?tag=eloabder-20&linkCode=osi&th=1&psc=1"><img src="https://m.media-amazon.com/images/I/41yNqvqCwoL._SL500_.jpg" alt="Product Image"></a><p>Alitte Legal Notepads 8.5 x 11, Pack of 12 - Perforated Wide Ruled Writing Pad - Premium Thick Paper, No Ink Bleeding - Blank Legal Pads For Home, Office, School, Business - 50 Sheets Per Notebook</p><p> -17% 0FF </p><p>$24.99</p><a href="https://www.amazon.com/dp/B0BZQNCV62?tag=eloabder-20&linkCode=osi&th=1&psc=1">View Product</a></div>
<div class="product"><a href="https://www.amazon.com/dp/B0C7S1PCX4?tag=eloabder-20&linkCode=osi&th=1&psc=1"><img src="https://m.media-amazon.com/images/I/41nVRBg2klL._SL500_.jpg" alt="Product Image"></a><p>Oxford 8.5 x 11 Legal Pads, 12 Pack, Wide Ruled, Yellow Paper, 50 Sheets Per Writing Pad, Made in the USA (74020)</p><p> -30% 0FF </p><p>$12.60</p><a href="https://www.amazon.com/dp/B0C7S1PCX4?tag=eloabder-20&linkCode=osi&th=1&psc=1">View Product</a></div><div class="product"><a href="https://www.amazon.com/dp/B0CGF22134?tag=eloabder-20&linkCode=osi&th=1&psc=1"><img src="https://m.media-amazon.com/images/I/41FzLgeXAyL._SL500_.jpg" alt="Product Image"></a><p>MSKKSM Legal Pads 8.5 x 11, 3 Pack Yellow Note Pads 8.5 x 11 Writing Pads, Wide Ruled Legal Notepads, Lined Pads of Paper Yellow Paper Pads, 30 Sheets Per Notepad for School, Home, Office, Business</p><p> -17% 0FF </p><p>$9.99</p><a href="https://www.amazon.com/dp/B0CGF22134?tag=eloabder-20&linkCode=osi&th=1&psc=1">View Product</a></div><div class="product"><a href="https://www.amazon.com/dp/B0FCMWHFC2?tag=eloabder-20&linkCode=osi&th=1&psc=1"><img src="https://m.media-amazon.com/images/I/41MMVFB-S4L._SL500_.jpg" alt="Product Image"></a><p>5pcs Legal Pads 8.5 x 11, Notepads 8.5 x 11 Inch, Color Note Pads Clear Print Writing Pads of Paper, Memo Pads , Perforate Legal Notepads Paper , Wide Ruled Lined with Sturdy Back,30 Sheets/Pack</p><p> -8% 0FF </p><p>$11.99</p><a href="https://www.amazon.com/dp/B0FCMWHFC2?tag=eloabder-20&linkCode=osi&th=1&psc=1">View Product</a></div>
<div class="product"><a href="https://www.amazon.com/dp/B08H593JZG?tag=eloabder-20&linkCode=osi&th=1&psc=1"><img src="https://m.media-amazon.com/images/I/415Ykzo-lyL._SL500_.jpg" alt="Product Image"></a><p>Eastern Wolf 8 Pads Sticky Notes 3x3 Self-Stick Notes 8 Bright Multi Colors Purple Sticky Notes, 85 Sheet/Pad</p><p> -20% 0FF </p><p>$5.59</p><a href="https://www.amazon.com/dp/B08H593JZG?tag=eloabder-20&linkCode=osi&th=1&psc=1">View Product</a></div><div class="product"><a href="https://www.amazon.com/dp/B0BPJW13CM?tag=eloabder-20&linkCode=osi&th=1&psc=1"><img src="https://m.media-amazon.com/images/I/41uKwTyz1rL._SL500_.jpg" alt="Product Image"></a><p>Post-it 100% Recycled Paper Super Sticky Notes, 2X The Sticking Power, 3x3 in, 5 Pads, 70 Sheets/Pad, Wanderlust Pastels Collection (654R-5SSNRP)</p><p> -33% 0FF </p><p>$5.98</p><a href="https://www.amazon.com/dp/B0BPJW13CM?tag=eloabder-20&linkCode=osi&th=1&psc=1">View Product</a></div><div class="product"><a href="https://www.amazon.com/dp/B0D6RPPK9H?tag=eloabder-20&linkCode=osi&th=1&psc=1"><img src="https://m.media-amazon.com/images/I/41O8zZ-RN4L._SL500_.jpg" alt="Product Image"></a><p>(18 Pads) Sticky Notes 3x3 inch, Self-Stick Pads Bright Colors Sticky Note, Recyclable, Easy to Post for Home, Office, Notebook</p><p> -40% 0FF </p><p>$8.39</p><a href="https://www.amazon.com/dp/B0D6RPPK9H?tag=eloabder-20&linkCode=osi&th=1&psc=1">View Product</a></div><div class="product"><a href="https://www.amazon.com/dp/B0CMGJ6FRB?tag=eloabder-20&linkCode=osi&th=1&psc=1"><img src="https://m.media-amazon.com/images/I/41xF9DqIGZL._SL500_.jpg" alt="Product Image"></a><p>Sticky Notes, 12 Pads, 3x3 inches, Soft Pastel Self-Stick Note Pads, Perfect for Office, Study, and Daily Life Organization - Soft Pastel</p><p> -16% 0FF </p><p>$5.06</p><a href="https://www.amazon.com/dp/B0CMGJ6FRB?tag=eloabder-20&linkCode=osi&th=1&psc=1">View Product</a></div>
<div class="product"><a href="https://www.amazon.com/dp/B07VRYX57R?tag=eloabder-20&linkCode=osi&th=1&psc=1"><img src="https://m.media-amazon.com/images/I/410XbLRqukL._SL500_.jpg" alt="Product Image"></a><p>(24 Pack) Sticky Notes 3x3 in Post Bright Stickies Colorful Super Sticking Power Memo Pads, Strong Adhesive, 74 Sheets/pad</p><p> -35% 0FF </p><p>$16.99</p><a href="https://www.amazon.com/dp/B07VRYX57R?tag=eloabder-20&linkCode=osi&th=1&psc=1">View Product</a></div><div class="product"><a href="https://www.amazon.com/dp/B00QSR9PRI?tag=eloabder-20&linkCode=osi&th=1&psc=1"><img src="https://m.media-amazon.com/images/I/31n-YNlgraL._SL500_.jpg" alt="Product Image"></a><p>Amazon Basics Narrow Ruled Lined Writing Note Pad, 5 inch x 8 inch, White, 12 Count (12 Pack of 50 pages)</p><p> -6% 0FF </p><p>$8.78</p><a href="https://www.amazon.com/dp/B00QSR9PRI?tag=eloabder-20&linkCode=osi&th=1&psc=1">View Product</a></div><div class="product"><a href="https://www.amazon.com/dp/B0D5M4D3NN?tag=eloabder-20&linkCode=osi&th=1&psc=1"><img src="https://m.media-amazon.com/images/I/41uzPvHBCDL._SL500_.jpg" alt="Product Image"></a><p>(12 Pack) Lined Sticky Notes 4x6 in Ruled Stickies Super Sticking Power Memo Pads Bright Colors</p><p> -40% 0FF </p><p>$8.98</p><a href="https://www.amazon.com/dp/B0D5M4D3NN?tag=eloabder-20&linkCode=osi&th=1&psc=1">View Product</a></div><div class="product"><a href="https://www.amazon.com/dp/B0CQK3M5VK?tag=eloabder-20&linkCode=osi&th=1&psc=1"><img src="https://m.media-amazon.com/images/I/31jKEzc1qFL._SL500_.jpg" alt="Product Image"></a><p>Note Pads 4x6 Inch, 6 Pack Blank Scratch Pads, 50 Sheets Per Memo Pad for Writing, White Pad of Paper Suit for Home, Office and School, Tear off Notepad, Small Server Notebook</p><p> -10% 0FF </p><p>$6.29</p><a href="https://www.amazon.com/dp/B0CQK3M5VK?tag=eloabder-20&linkCode=osi&th=1&psc=1">View Product</a></div>
<div class="product"><a href="https://www.amazon.com/dp/B0F5D4VNBX?tag=eloabder-20&linkCode=osi&th=1&psc=1"><img src="https://m.media-amazon.com/images/I/41SnXbixNcL._SL500_.jpg" alt="Product Image"></a><p>Blue Sky 2026 Weekly and Monthly Planner Calendar, Includes January 2026 - December 2026, 5" x 8", Flexible Cover, Wirebound, Laminated Tabs, Enterprise</p><p> -10% 0FF </p><p>$8.99</p><a href="https://www.amazon.com/dp/B0F5D4VNBX?tag=eloabder-20&linkCode=osi&th=1&psc=1">View Product</a></div><div class="product"><a href="https://www.amazon.com/dp/B0FRNQDRCR?tag=eloabder-20&linkCode=osi&th=1&psc=1"><img src="https://m.media-amazon.com/images/I/51rBf1oJchL._SL500_.jpg" alt="Product Image"></a><p>Essential PRO 2026 Daily, Weekly & Monthly Planner, 7"x9": 14 Months (Nov 2025 - Dec 2026) Monthly Tabs,Daily Tracking,Notes Pages,Storage Pocket,Bookmark w Sticky Notes (Tree Seasons)</p><p> -14% 0FF </p><p>$29.95</p><a href="https://www.amazon.com/dp/B0FRNQDRCR?tag=eloabder-20&linkCode=osi&th=1&psc=1">View Product</a></div><div class="product"><a href="https://www.amazon.com/dp/B0DYBQWJ5S?tag=eloabder-20&linkCode=osi&th=1&psc=1"><img src="https://m.media-amazon.com/images/I/41UP6Ui7BjL._SL500_.jpg" alt="Product Image"></a><p>AT-A-GLANCE 2026 Appointment Book Planner, Weekly, 8" x 11", Large, Quarter-Hourly, DayMinder, Black (G5200026)</p><p> -45% 0FF </p><p>$15.87</p><a href="https://www.amazon.com/dp/B0DYBQWJ5S?tag=eloabder-20&linkCode=osi&th=1&psc=1">View Product</a></div><div class="product"><a href="https://www.amazon.com/dp/B0DJ8SXCR4?tag=eloabder-20&linkCode=osi&th=1&psc=1"><img src="https://m.media-amazon.com/images/I/41sRmmLvCsL._SL500_.jpg" alt="Product Image"></a><p>Planner 2025-2026, Weekly and Monthly Calendar Academic Planner (July 2025 - June 2026), Hardcover Teacher School Student Agenda with Tabs, Ideal for School Office Supplies, A5 (6.3" x 8.5") - Green</p><p> -25% 0FF </p><p>$8.99</p><a href="https://www.amazon.com/dp/B0DJ8SXCR4?tag=eloabder-20&linkCode=osi&th=1&psc=1">View Product</a></div><div class="product"><a href="https://www.amazon.com/dp/B0D2VW43KP?tag=eloabder-20&linkCode=osi&th=1&psc=1"><img src="https://m.media-amazon.com/images/I/41eyA1Q1U4L._SL500_.jpg" alt="Product Image"></a><p>Forvencer 2026 Planner, Hardcover Calendar Planner Weekly and Monthly, January 2026 - December 2026, 8.5" x 11", Spiral Agenda Book with Tabs, Exquisite Daily Journal with Inner Pocket, Organizer Notebook for Office Home School, A4 Size, Green</p><p> -41% 0FF </p><p>$9.99</p><a href="https://www.amazon.com/dp/B0D2VW43KP?tag=eloabder-20&linkCode=osi&th=1&psc=1">View Product</a></div>
<div class="product"><a href="https://www.amazon.com/dp/B0DYBYRY3R?tag=eloabder-20&linkCode=osi&th=1&psc=1"><img src="https://m.media-amazon.com/images/I/41oxPcKnCuL._SL500_.jpg" alt="Product Image"></a><p>AT-A-GLANCE 2026 Desk Calendar, Monthly, Desk Pad, 21-3/4" x 17", Large, Ruled Blocks (SK240026)</p><p> -19% 0FF </p><p>$11.89</p><a href="https://www.amazon.com/dp/B0DYBYRY3R?tag=eloabder-20&linkCode=osi&th=1&psc=1">View Product</a></div><div class="product"><a href="https://www.amazon.com/dp/B0DXQ416QR?tag=eloabder-20&linkCode=osi&th=1&psc=1"><img src="https://m.media-amazon.com/images/I/41o3YUjfIVL._SL500_.jpg" alt="Product Image"></a><p>Aesthetic 2025-2026 Wall Calendar - Runs from May 2025 Until December 2026 - The Perfect Modern Calendar Planner for Easy Organizing</p><p> -43% 0FF </p><p>$3.99</p><a href="https://www.amazon.com/dp/B0DXQ416QR?tag=eloabder-20&linkCode=osi&th=1&psc=1">View Product</a></div><div class="product"><a href="https://www.amazon.com/dp/B0CCRXKSK8?tag=eloabder-20&linkCode=osi&th=1&psc=1"><img src="https://m.media-amazon.com/images/I/51eOdkimr+L._SL500_.jpg" alt="Product Image"></a><p>SUNEE Wall Calendar 2025-2026 Large 22.75"x15.5", 21 Month Calendar from October 2025 to June 2027, Vertical Extra Large Monthly Calendar 2026 for Wall, Seasons Color</p><p> -24% 0FF </p><p>$15.19</p><a href="https://www.amazon.com/dp/B0CCRXKSK8?tag=eloabder-20&linkCode=osi&th=1&psc=1">View Product</a></div><div class="product"><a href="https://www.amazon.com/dp/B0F7HZ7C9G?tag=eloabder-20&linkCode=osi&th=1&psc=1"><img src="https://m.media-amazon.com/images/I/41rkKO18HGL._SL500_.jpg" alt="Product Image"></a><p>Beautiful 2025-2026 Wall Calendar - Runs from July 2025 until December 2026 – Large 14.5" x 11.5" Office Wall Calendar for Easy Organizing</p><p> -10% 0FF </p><p>$8.99</p><a href="https://www.amazon.com/dp/B0F7HZ7C9G?tag=eloabder-20&linkCode=osi&th=1&psc=1">View Product</a></div><div class="product"><a href="https://www.amazon.com/dp/B0DYDC7ZLV?tag=eloabder-20&linkCode=osi&th=1&psc=1"><img src="https://m.media-amazon.com/images/I/51MOLWJ45HL._SL500_.jpg" alt="Product Image"></a><p>XISIDO 2025-2026 Wall Calendar, Calendar 2025-2026, 18 Month Calendar July 2025 - December 2026, 14.8" X 11.5", Calendar with Twin-Wire Binding, Hanging Hook and Julian Dates (Seasonal Designs)</p><p> -20% 0FF </p><p>$7.99</p><a href="https://www.amazon.com/dp/B0DYDC7ZLV?tag=eloabder-20&linkCode=osi&th=1&psc=1">View Product</a></div><div class="product"><a href="https://www.amazon.com/dp/B0D2KCVBBD?tag=eloabder-20&linkCode=osi&th=1&psc=1"><img src="https://m.media-amazon.com/images/I/51Eg-3ZKZxL._SL500_.jpg" alt="Product Image"></a><p>XISIDO Calendar 2025-2026, 18 Months Wall Calendar July 2025 to Dec 2026 Calendar with Julian Dates, 11" X 8.5" (Colorful)</p><p> -33% 0FF </p><p>$3.99</p><a href="https://www.amazon.com/dp/B0D2KCVBBD?tag=eloabder-20&linkCode=osi&th=1&psc=1">View Product</a></div><div class="product"><a href="https://www.amazon.com/dp/B0DY7R9226?tag=eloabder-20&linkCode=osi&th=1&psc=1"><img src="https://m.media-amazon.com/images/I/41eTUjCfzFL._SL500_.jpg" alt="Product Image"></a><p>Lbylyhxc Wall Calendar 2025-2026 - Runs from July 2025 to December 2026-18 Monthly Calendar 2026. Thick Paper includes major holidays and dedicated space for notes and important dates (Colorful Calendar 2025-2026)</p><p> -50% 0FF </p><p>$2.49</p><a href="https://www.amazon.com/dp/B0DY7R9226?tag=eloabder-20&linkCode=osi&th=1&psc=1">View Product</a></div>
<div class="product"><a href="https://www.amazon.com/dp/B00NI5LVAW?tag=eloabder-20&linkCode=osi&th=1&psc=1"><img src="https://m.media-amazon.com/images/I/31X0RgqQ1ML._SL500_.jpg" alt="Product Image"></a><p>Pendaflex File Folders, Letter Size, 1/3 Cut, Manila, 250 per Box (752250)</p><p> -11% 0FF </p><p>$26.50</p><a href="https://www.amazon.com/dp/B00NI5LVAW?tag=eloabder-20&linkCode=osi&th=1&psc=1">View Product</a></div><div class="product"><a href="https://www.amazon.com/dp/B0D1YBFHS8?tag=eloabder-20&linkCode=osi&th=1&psc=1"><img src="https://m.media-amazon.com/images/I/41qkHxiS+vL._SL500_.jpg" alt="Product Image"></a><p>SUNEE File Folders, 30 Pack Manilla Folders 8.5 x 11, Colored File Folders Home Office School Supplies for Documents Files Paper, 6 Assorted Colors</p><p> -26% 0FF </p><p>$9.99</p><a href="https://www.amazon.com/dp/B0D1YBFHS8?tag=eloabder-20&linkCode=osi&th=1&psc=1">View Product</a></div><div class="product"><a href="https://www.amazon.com/dp/B000DZ9XGO?tag=eloabder-20&linkCode=osi&th=1&psc=1"><img src="https://m.media-amazon.com/images/I/31WKzTB-4WL._SL500_.jpg" alt="Product Image"></a><p>Oxford Two-Pocket Folders, Assorted Colors, Letter Size, 25 per box (57513)</p><p> -32% 0FF </p><p>$12.23</p><a href="https://www.amazon.com/dp/B000DZ9XGO?tag=eloabder-20&linkCode=osi&th=1&psc=1">View Product</a></div><div class="product"><a href="https://www.amazon.com/dp/B0F8H75MLS?tag=eloabder-20&linkCode=osi&th=1&psc=1"><img src="https://m.media-amazon.com/images/I/41GV18+8+zL._SL500_.jpg" alt="Product Image"></a><p>Plastic Folders with Pockets, 6 Pack Document Folders with Business Card Slot, 2 Pocket Folders Back to School Supplies for Kids, Office</p><p> -33% 0FF </p><p>$5.99</p><a href="https://www.amazon.com/dp/B0F8H75MLS?tag=eloabder-20&linkCode=osi&th=1&psc=1">View Product</a></div><div class="product"><a href="https://www.amazon.com/dp/B0CPDTKFVF?tag=eloabder-20&linkCode=osi&th=1&psc=1"><img src="https://m.media-amazon.com/images/I/41PQ8ToLyhL._SL500_.jpg" alt="Product Image"></a><p>Aegero Plastic Folders with Pockets (7 Pack, Assorted Colors), Durable Heavy Duty File Folders with Business Card Slot, 2-Pocket Folder for Schoolwork & Office,Letter Size…</p><p> -11% 0FF </p><p>$7.99</p><a href="https://www.amazon.com/dp/B0CPDTKFVF?tag=eloabder-20&linkCode=osi&th=1&psc=1">View Product</a></div>
<div class="product"><a href="https://www.amazon.com/dp/B0CSPT4RFH?tag=eloabder-20&linkCode=osi&th=1&psc=1"><img src="https://m.media-amazon.com/images/I/31O8kdFg7FL._SL500_.jpg" alt="Product Image"></a><p>Two Tone Color File Folders 8.5 x 11 Inch, 1/3 Cut Tab File Folders Letter Size, Assorted Colors, Blue Red Green Yellow Orange Manila File Folders, School Business Office Folders for Document -15 Pack</p><p> -13% 0FF </p><p>$6.99</p><a href="https://www.amazon.com/dp/B0CSPT4RFH?tag=eloabder-20&linkCode=osi&th=1&psc=1">View Product</a></div><div class="product"><a href="https://www.amazon.com/dp/B01MXC0YS5?tag=eloabder-20&linkCode=osi&th=1&psc=1"><img src="https://m.media-amazon.com/images/I/41YLerNwKTL._SL500_.jpg" alt="Product Image"></a><p>Pendaflex Hanging File Folders, Letter Size, Assorted Colors, 1/5-Cut Adjustable Tabs, 25 Per Box (81663)</p><p> -7% 0FF </p><p>$13.99</p><a href="https://www.amazon.com/dp/B01MXC0YS5?tag=eloabder-20&linkCode=osi&th=1&psc=1">View Product</a></div><div class="product"><a href="https://www.amazon.com/dp/B0896Q5MMC?tag=eloabder-20&linkCode=osi&th=1&psc=1"><img src="https://m.media-amazon.com/images/I/41jDOLSqtWL._SL500_.jpg" alt="Product Image"></a><p>Pendaflex Two Tone Color File Folders, Letter Size, Assorted Colors (Teal, Violet, Gray, Navy and Burgundy), 1/3-Cut Tabs, 5 Color, 100/Box, (02315)</p><p> -27% 0FF </p><p>$13.89</p><a href="https://www.amazon.com/dp/B0896Q5MMC?tag=eloabder-20&linkCode=osi&th=1&psc=1">View Product</a></div><div class="product"><a href="https://www.amazon.com/dp/B0D1YCC6KK?tag=eloabder-20&linkCode=osi&th=1&psc=1"><img src="https://m.media-amazon.com/images/I/31aHHvZVc+L._SL500_.jpg" alt="Product Image"></a><p>SUNEE File Folders, 30 Pack Manilla Folders 8.5 x 11, Colored File Folders Home Office School Supplies for Documents Files Paper,6 Pastel Colors</p><p> -26% 0FF </p><p>$9.99</p><a href="https://www.amazon.com/dp/B0D1YCC6KK?tag=eloabder-20&linkCode=osi&th=1&psc=1">View Product</a></div>
<div class="product"><a href="https://www.amazon.com/dp/B0FGXLHFDD?tag=eloabder-20&linkCode=osi&th=1&psc=1"><img src="https://m.media-amazon.com/images/I/414ng1TKsOL._SL500_.jpg" alt="Product Image"></a><p>Trandraft Plastic Extra Capacity Hanging File Folders, 5 Inch Expanding Pocket with Movable Dividers, Letter Size Black File Folders with Insertable Tabs for Filing Cabine</p><p> -5% 0FF </p><p>$18.99</p><a href="https://www.amazon.com/dp/B0FGXLHFDD?tag=eloabder-20&linkCode=osi&th=1&psc=1">View Product</a></div><div class="product"><a href="https://www.amazon.com/dp/B08QTW4GJT?tag=eloabder-20&linkCode=osi&th=1&psc=1"><img src="https://m.media-amazon.com/images/I/41OVgNttdnL._SL500_.jpg" alt="Product Image"></a><p>Pendaflex Reinforced Hanging Folders, Letter Size, Assorted Colors 1/5 Cut, Tabs and Inserts, 25 Per Box (41522AMZ)</p><p> -32% 0FF </p><p>$13.99</p><a href="https://www.amazon.com/dp/B08QTW4GJT?tag=eloabder-20&linkCode=osi&th=1&psc=1">View Product</a></div><div class="product"><a href="https://www.amazon.com/dp/B07Y67ZCJS?tag=eloabder-20&linkCode=osi&th=1&psc=1"><img src="https://m.media-amazon.com/images/I/51g37Wkw2CL._SL500_.jpg" alt="Product Image"></a><p>EASEPRES 5 Pocket Mesh Hanging Wall File Organizer, Wall Mounted Mail Paper Document Folder Holder, Clipboard Storage Organization Magazine Rack with Nametag Label for Office Home School, Black</p><p> -30% 0FF </p><p>$22.99</p><a href="https://www.amazon.com/dp/B07Y67ZCJS?tag=eloabder-20&linkCode=osi&th=1&psc=1">View Product</a></div><div class="product"><a href="https://www.amazon.com/dp/B0CGWNNBCV?tag=eloabder-20&linkCode=osi&th=1&psc=1"><img src="https://m.media-amazon.com/images/I/31SGzCfPDcL._SL500_.jpg" alt="Product Image"></a><p>SUNEE 25 Count Hanging File Folders, Pastel Colors, Hanging File Folders Letter Size, Hanging Folders with 1/5-cut Tabs, Designed for Bulky Files, Filing Cabinets, Medical Charts</p><p> -15% 0FF </p><p>$16.99</p><a href="https://www.amazon.com/dp/B0CGWNNBCV?tag=eloabder-20&linkCode=osi&th=1&psc=1">View Product</a></div><div class="product"><a href="https://www.amazon.com/dp/B00006IF4G?tag=eloabder-20&linkCode=osi&th=1&psc=1"><img src="https://m.media-amazon.com/images/I/31LuYqWSObL._SL500_.jpg" alt="Product Image"></a><p>Smead Standard Hanging File Folders, 25 Count, Assorted Primaries, 1/5-Cut Adjustable Tabs, Letter Size (64059)</p><p> -7% 0FF </p><p>$13.55</p><a href="https://www.amazon.com/dp/B00006IF4G?tag=eloabder-20&linkCode=osi&th=1&psc=1">View Product</a></div>
<div class="product"><a href="https://www.amazon.com/dp/B0C77GP9XB?tag=eloabder-20&linkCode=osi&th=1&psc=1"><img src="https://m.media-amazon.com/images/I/415Jszg3LKL._SL500_.jpg" alt="Product Image"></a><p>SKYDUE Expanding File Organizer with 8 Pockets, Accordion File Folders with Labels, Portable Document Paper Bill Receipt Organizer, Home College School Office Supplies, Letter Size, Blue</p><p> -13% 0FF </p><p>$6.98</p><a href="https://www.amazon.com/dp/B0C77GP9XB?tag=eloabder-20&linkCode=osi&th=1&psc=1">View Product</a></div><div class="product"><a href="https://www.amazon.com/dp/B0013CETUQ?tag=eloabder-20&linkCode=osi&th=1&psc=1"><img src="https://m.media-amazon.com/images/I/51GxTzd4XbL._SL500_.jpg" alt="Product Image"></a><p>Pendaflex R217DHD Heavy-Duty Expanding Open Top File, 31 Pockets, 1/3 Tab, Letter, Brown</p><p> -36% 0FF </p><p>$15.90</p><a href="https://www.amazon.com/dp/B0013CETUQ?tag=eloabder-20&linkCode=osi&th=1&psc=1">View Product</a></div><div class="product"><a href="https://www.amazon.com/dp/B000UHJCZC?tag=eloabder-20&linkCode=osi&th=1&psc=1"><img src="https://m.media-amazon.com/images/I/31bbG1gUU2L._SL500_.jpg" alt="Product Image"></a><p>Pendaflex Expanding File Pockets, Letter Size, Redrope, 3.5" Expansion, Reinforced with DuPont™ Tyvek® Material, Redrope, 25 per Box (1524E-OX)</p><p> -9% 0FF </p><p>$27.37</p><a href="https://www.amazon.com/dp/B000UHJCZC?tag=eloabder-20&linkCode=osi&th=1&psc=1">View Product</a></div><div class="product"><a href="https://www.amazon.com/dp/B000FD9YHM?tag=eloabder-20&linkCode=osi&th=1&psc=1"><img src="https://m.media-amazon.com/images/I/511Yz6zbRaL._SL500_.jpg" alt="Product Image"></a><p>Pendaflex Heavy Duty Expanding File with Extra-Thick Cover, Tyvek Reinforced Edges, 21 Pockets, A–Z Tabs, Elastic Cord Closure, Letter Size (R117ALHD),Brown</p><p> -14% 0FF </p><p>$14.99</p><a href="https://www.amazon.com/dp/B000FD9YHM?tag=eloabder-20&linkCode=osi&th=1&psc=1">View Product</a></div>
<div class="product"><a href="https://www.amazon.com/dp/B07GKPZDG4?tag=eloabder-20&linkCode=osi&th=1&psc=1"><img src="https://m.media-amazon.com/images/I/51sUuF8kU-L._SL500_.jpg" alt="Product Image"></a><p>Cardinal Economy 3 Ring Binder, 1.5 Inch, Presentation View, Black, Holds 350 Sheets, Nonstick, PVC Free, 4 Pack of Binders (79519)</p><p> -42% 0FF </p><p>$9.19</p><a href="https://www.amazon.com/dp/B07GKPZDG4?tag=eloabder-20&linkCode=osi&th=1&psc=1">View Product</a></div><div class="product"><a href="https://www.amazon.com/dp/B0BF57LL4V?tag=eloabder-20&linkCode=osi&th=1&psc=1"><img src="https://m.media-amazon.com/images/I/317fBolZ+4L._SL500_.jpg" alt="Product Image"></a><p>1-inch 3 Ring Binder with 2 Interior Pockets, 1'' Basic Binders Holds US Letter Size 8.5'' x 11'' Paper - Versatile Binders for Office, Home, and School Use, 6 Pack (White)</p><p> -15% 0FF </p><p>$24.64</p><a href="https://www.amazon.com/dp/B0BF57LL4V?tag=eloabder-20&linkCode=osi&th=1&psc=1">View Product</a></div><div class="product"><a href="https://www.amazon.com/dp/B0BXKQ7YTW?tag=eloabder-20&linkCode=osi&th=1&psc=1"><img src="https://m.media-amazon.com/images/I/416TyBdEZYL._SL500_.jpg" alt="Product Image"></a><p>SUNEE 3 Ring Binder 1 Inch 4 Pack, Clear View 1" Binders Three Ring PVC-Free (Fit 8.5x11 Inches) for School or Office Supplies, Assorted Pastel</p><p> -17% 0FF </p><p>$14.85</p><a href="https://www.amazon.com/dp/B0BXKQ7YTW?tag=eloabder-20&linkCode=osi&th=1&psc=1">View Product</a></div><div class="product"><a href="https://www.amazon.com/dp/B0D2ZF8FHZ?tag=eloabder-20&linkCode=osi&th=1&psc=1"><img src="https://m.media-amazon.com/images/I/31smaJgK7vL._SL500_.jpg" alt="Product Image"></a><p>BinderX Extra Durable 3 Ring Binder, Round Rings 1 Inch Binder, Fits 175 Sheets of 8.5x11 Paper, Customizable View Cover with Inside Pockets, Cute 1" Binders, 1 Inch Binders 3 Ring, Pink</p><p> -36% 0FF </p><p>$8.99</p><a href="https://www.amazon.com/dp/B0D2ZF8FHZ?tag=eloabder-20&linkCode=osi&th=1&psc=1">View Product</a></div><div class="product"><a href="https://www.amazon.com/dp/B001B0GJDU?tag=eloabder-20&linkCode=osi&th=1&psc=1"><img src="https://m.media-amazon.com/images/I/41vpkaYBqsL._SL500_.jpg" alt="Product Image"></a><p>Avery Heavy-Duty View 3 Ring Binder, 1" One Touch Slant Rings, Holds 8.5" x 11" Paper, 1 Black Binder (05300)</p><p> -46% 0FF </p><p>$5.89</p><a href="https://www.amazon.com/dp/B001B0GJDU?tag=eloabder-20&linkCode=osi&th=1&psc=1">View Product</a></div>
<div class="product"><a href="https://www.amazon.com/dp/B092CM3KVX?tag=eloabder-20&linkCode=osi&th=1&psc=1"><img src="https://m.media-amazon.com/images/I/51kltWaLgmL._SL500_.jpg" alt="Product Image"></a><p>Avery Write & Erase Dividers for 3 Ring Binders, 8 Tabs per Set, Multicolor Big Tabs, Pastels, Binder Dividers Great for Organizing Reports, Projects, and More (16271)</p><p> -31% 0FF </p><p>$3.90</p><a href="https://www.amazon.com/dp/B092CM3KVX?tag=eloabder-20&linkCode=osi&th=1&psc=1">View Product</a></div><div class="product"><a href="https://www.amazon.com/dp/B08WBYPVGJ?tag=eloabder-20&linkCode=osi&th=1&psc=1"><img src="https://m.media-amazon.com/images/I/31NPQ52TfAL._SL500_.jpg" alt="Product Image"></a><p>Oxford Blank Write On Binder Dividers, 1/5 Cut Tabs, 3 Hole Punch Dividers in 5 Tab Sets, 100 Dividers, 20 Sets, White (89981)</p><p> -5% 0FF </p><p>$15.19</p><a href="https://www.amazon.com/dp/B08WBYPVGJ?tag=eloabder-20&linkCode=osi&th=1&psc=1">View Product</a></div><div class="product"><a href="https://www.amazon.com/dp/B0CZL39ZHS?tag=eloabder-20&linkCode=osi&th=1&psc=1"><img src="https://m.media-amazon.com/images/I/41APO6LBeCL._SL500_.jpg" alt="Product Image"></a><p>Forvencer 8 Count Dividers with Two Pockets, 8 tabs Binder Dividers for 3 Ring Binder Organizer, Multicolor, 1 Set</p><p> -25% 0FF </p><p>$5.99</p><a href="https://www.amazon.com/dp/B0CZL39ZHS?tag=eloabder-20&linkCode=osi&th=1&psc=1">View Product</a></div><div class="product"><a href="https://www.amazon.com/dp/B01FKMCNL6?tag=eloabder-20&linkCode=osi&th=1&psc=1"><img src="https://m.media-amazon.com/images/I/510vgT9G85L._SL500_.jpg" alt="Product Image"></a><p>Avery Binder Dividers - 5-Tab Insertable Multicolor Big Tabs for Binders, 6 Sets of Dividers (11109)</p><p> -11% 0FF </p><p>$5.78</p><a href="https://www.amazon.com/dp/B01FKMCNL6?tag=eloabder-20&linkCode=osi&th=1&psc=1">View Product</a></div><div class="product"><a href="https://www.amazon.com/dp/B0CQ4YNHX8?tag=eloabder-20&linkCode=osi&th=1&psc=1"><img src="https://m.media-amazon.com/images/I/315hb+NtGGL._SL500_.jpg" alt="Product Image"></a><p>Binder Dividers for 3 Ring Binder, 1/5 Cut Tabs, Letter Size, Blank Write On Page Dividers with 5 Big Tabs for School Office Home, 4 Sets, 20 Dividers, White</p><p> -14% 0FF </p><p>$5.98</p><a href="https://www.amazon.com/dp/B0CQ4YNHX8?tag=eloabder-20&linkCode=osi&th=1&psc=1">View Product</a></div><div class="product"><a href="https://www.amazon.com/dp/B01HC4KIVW?tag=eloabder-20&linkCode=osi&th=1&psc=1"><img src="https://m.media-amazon.com/images/I/412g1OcKv-L._SL500_.jpg" alt="Product Image"></a><p>Avery Big Tab Write & Erase Durable Plastic Dividers for 3 Ring Binders, 8-Tab Set, Bright Multicolor, 1 Set (16130)</p><p> -23% 0FF </p><p>$4.33</p><a href="https://www.amazon.com/dp/B01HC4KIVW?tag=eloabder-20&linkCode=osi&th=1&psc=1">View Product</a></div><div class="product"><a href="https://www.amazon.com/dp/B0000AQOB0?tag=eloabder-20&linkCode=osi&th=1&psc=1"><img src="https://m.media-amazon.com/images/I/51ek4ZNke4L._SL500_.jpg" alt="Product Image"></a><p>Avery 12 Tab Dividers for 3 Ring Binders, Customizable Table of Contents, Multicolor Tabs, 6 Sets (11196)</p><p> -36% 0FF </p><p>$17.99</p><a href="https://www.amazon.com/dp/B0000AQOB0?tag=eloabder-20&linkCode=osi&th=1&psc=1">View Product</a></div>
<div class="product"><a href="https://www.amazon.com/dp/B07R795LTM?tag=eloabder-20&linkCode=osi&th=1&psc=1"><img src="https://m.media-amazon.com/images/I/31OAmU6E5kL._SL500_.jpg" alt="Product Image"></a><p>Amazon Basics Polypropylene (PP) Sheet Protector, Non-Glare, 200 Pack, Clear</p><p> -13% 0FF </p><p>$10.40</p><a href="https://www.amazon.com/dp/B07R795LTM?tag=eloabder-20&linkCode=osi&th=1&psc=1">View Product</a></div><div class="product"><a href="https://www.amazon.com/dp/B0D62ZBV24?tag=eloabder-20&linkCode=osi&th=1&psc=1"><img src="https://m.media-amazon.com/images/I/41n9XbYoyhL._SL500_.jpg" alt="Product Image"></a><p>Aegero 65 Pack Clear Sheet Protectors, 8.5 x 11 inch Page Protectors for 3 Ring Binder,Top Loading Paper Protector for Documents and Photos,Letter Size</p><p> -20% 0FF </p><p>$3.99</p><a href="https://www.amazon.com/dp/B0D62ZBV24?tag=eloabder-20&linkCode=osi&th=1&psc=1">View Product</a></div><div class="product"><a href="https://www.amazon.com/dp/B08CMG5MCB?tag=eloabder-20&linkCode=osi&th=1&psc=1"><img src="https://m.media-amazon.com/images/I/410BZVBSLLL._SL500_.jpg" alt="Product Image"></a><p>Sheet Protectors, PANDRI 500 Pack Clear Heavy Duty Plastic Page Protectors Sheet Reinforced 11-Hole Fit for 3 Ring Binder Fits Standard 8.5 x 11 Paper, 9.25 x 11.25 Top Loaded, Excluding Acid</p><p> -15% 0FF </p><p>$22.94</p><a href="https://www.amazon.com/dp/B08CMG5MCB?tag=eloabder-20&linkCode=osi&th=1&psc=1">View Product</a></div><div class="product"><a href="https://www.amazon.com/dp/B0DZ6J73VW?tag=eloabder-20&linkCode=osi&th=1&psc=1"><img src="https://m.media-amazon.com/images/I/41NNzcs8bsL._SL500_.jpg" alt="Product Image"></a><p>TUOKCALB 50 Pack Clear Sheet Protectors for 3 Ring Binder, Polypropylene Acid-Free Material, 8.5 x 11 Inch Letter Size, Protector of Your Documents</p><p> -18% 0FF </p><p>$3.29</p><a href="https://www.amazon.com/dp/B0DZ6J73VW?tag=eloabder-20&linkCode=osi&th=1&psc=1">View Product</a></div><div class="product"><a href="https://www.amazon.com/dp/B0D294F9GZ?tag=eloabder-20&linkCode=osi&th=1&psc=1"><img src="https://m.media-amazon.com/images/I/41szN7I4ozL._SL500_.jpg" alt="Product Image"></a><p>Sheet Protectors 8.5 x11 Inch, 100 Pack Page Protectors for 3 Ring Binder, Top Loading Plastic Sleeves with Reinforced 3-Hole Punch for Binders, Letter Size, for Documents and Photos, Office Supplies.</p><p> -23% 0FF </p><p>$9.99</p><a href="https://www.amazon.com/dp/B0D294F9GZ?tag=eloabder-20&linkCode=osi&th=1&psc=1">View Product</a></div><div class="product"><a href="https://www.amazon.com/dp/B0D59XF4D3?tag=eloabder-20&linkCode=osi&th=1&psc=1"><img src="https://m.media-amazon.com/images/I/41EpBhN87iL._SL500_.jpg" alt="Product Image"></a><p>DOSEWART 70Pack Sheet Protectors, Clear Heavy Duty Plastic Page Protectors for 3 Ring Binder, Top Loading Sheet Protectors 8.5 x 11” for Photo, Paper, Document Protector</p><p> -43% 0FF </p><p>$3.99</p><a href="https://www.amazon.com/dp/B0D59XF4D3?tag=eloabder-20&linkCode=osi&th=1&psc=1">View Product</a></div>
<div class="product"><a href="https://www.amazon.com/dp/B000T9MP5U?tag=eloabder-20&linkCode=osi&th=1&psc=1"><img src="https://m.media-amazon.com/images/I/41zOycTbMML._SL500_.jpg" alt="Product Image"></a><p>Mead #10 Security Business Envelopes Letter Size 4-1/8" x 9-1/2" – Peel and Seal, Privacy Lined, No-Window, Press-It Seal-It Self-Adhesive for Home & Office Mailing, 45 Count (75026)</p><p> -13% 0FF </p><p>$3.57</p><a href="https://www.amazon.com/dp/B000T9MP5U?tag=eloabder-20&linkCode=osi&th=1&psc=1">View Product</a></div><div class="product"><a href="https://www.amazon.com/dp/B06VVLD2GL?tag=eloabder-20&linkCode=osi&th=1&psc=1"><img src="https://m.media-amazon.com/images/I/11zBoWnx9uL._SL500_.jpg" alt="Product Image"></a><p>Amazon Basics 10 Security-Tinted Self-Seal Business Letter Envelopes, Peel & Seal Adhesive Closure, White, 500-Pack</p><p> -5% 0FF </p><p>$18.04</p><a href="https://www.amazon.com/dp/B06VVLD2GL?tag=eloabder-20&linkCode=osi&th=1&psc=1">View Product</a></div><div class="product"><a href="https://www.amazon.com/dp/B07FMDV5LR?tag=eloabder-20&linkCode=osi&th=1&psc=1"><img src="https://m.media-amazon.com/images/I/41jTu3FDgaL._SL500_.jpg" alt="Product Image"></a><p>Quality Park #6 3/4 Self-Seal Security Envelopes, Security Tint and Pattern, Redi-Strip Closure, 24-lb White Wove, 3-5/8 x 6-1/2, 100/Box (QUA10417)</p><p> -23% 0FF </p><p>$4.99</p><a href="https://www.amazon.com/dp/B07FMDV5LR?tag=eloabder-20&linkCode=osi&th=1&psc=1">View Product</a></div>

<div class="product"><a href="https://www.amazon.com/dp/B0033J6V3A?tag=eloabder-20&linkCode=osi&th=1&psc=1"><img src="https://m.media-amazon.com/images/I/21o5ASbichL._SL500_.jpg" alt="Product Image"></a><p>NuSparc 2 Drawer Locking Filing Cabinet | Pre-Assembled Steel Construction | Space-Saving Design is Perfect for Home and Small Office | Letter-Size | Assembled in North America</p><p> -14% 0FF </p><p>$76.99</p><a href="https://www.amazon.com/dp/B0033J6V3A?tag=eloabder-20&linkCode=osi&th=1&psc=1">View Product</a></div><div class="product"><a href="https://www.amazon.com/dp/B0D9XYD75W?tag=eloabder-20&linkCode=osi&th=1&psc=1"><img src="https://m.media-amazon.com/images/I/31VM3xK++PL._SL500_.jpg" alt="Product Image"></a><p>BYNSOE 2 Drawer File Cabinet with Lock Vertical Filing Storage Cabinet Office Home Steel Vertical File Cabinets for Letter Size File Cabinet Locked,Assembly Required</p><p> -8% 0FF </p><p>$54.99</p><a href="https://www.amazon.com/dp/B0D9XYD75W?tag=eloabder-20&linkCode=osi&th=1&psc=1">View Product</a></div><div class="product"><a href="https://www.amazon.com/dp/B0989HLF81?tag=eloabder-20&linkCode=osi&th=1&psc=1"><img src="https://m.media-amazon.com/images/I/51vzgnkbcjL._SL500_.jpg" alt="Product Image"></a><p>DEVAISE 3 Drawer Mobile File Cabinet, Wood Lateral Filing Cabinet, Printer Stand with Open Shelves for Home Office, Rustic Brown</p><p> -21% 0FF </p><p>$74.99</p><a href="https://www.amazon.com/dp/B0989HLF81?tag=eloabder-20&linkCode=osi&th=1&psc=1">View Product</a></div>
<div class="product"><a href="https://www.amazon.com/dp/B00006RSQD?tag=eloabder-20&linkCode=osi&th=1&psc=1"><img src="https://m.media-amazon.com/images/I/315rez3KpeL._SL500_.jpg" alt="Product Image"></a><p>Bush Business Furniture Series C 36W Tall 5 Shelf Bookcase in Hansen Cherry, Large Storage and Display Bookshelf for Home or Professional Office</p><p> -8% 0FF </p><p>$239.49</p><a href="https://www.amazon.com/dp/B00006RSQD?tag=eloabder-20&linkCode=osi&th=1&psc=1">View Product</a></div>
<div class="product"><a href="https://www.amazon.com/dp/B09F6JPYSY?tag=eloabder-20&linkCode=osi&th=1&psc=1"><img src="https://m.media-amazon.com/images/I/51fGLH7lhHL._SL500_.jpg" alt="Product Image"></a><p>SPACELEAD Slim Storage Cart 3 Tier,Bathroom Organizer Rolling Utility,Mobile Shelving Unit Slide Out for Office, Kitchen, Laundry Room & Narrow Places,Black</p><p> -30% 0FF </p><p>$20.99</p><a href="https://www.amazon.com/dp/B09F6JPYSY?tag=eloabder-20&linkCode=osi&th=1&psc=1">View Product</a></div><div class="product"><a href="https://www.amazon.com/dp/B08KFTVGQY?tag=eloabder-20&linkCode=osi&th=1&psc=1"><img src="https://m.media-amazon.com/images/I/51BjUEmGaiL._SL500_.jpg" alt="Product Image"></a><p>SONGMICS Cube Storage Organizer, Set of 16 Plastic Cubes, Closet Organizers and Storage, Room Organization, Bedroom Living Room, 12.2 x 48.4 x 48.4 Inches, Rustic Brown ULPC442A01</p><p> -15% 0FF </p><p>$46.99</p><a href="https://www.amazon.com/dp/B08KFTVGQY?tag=eloabder-20&linkCode=osi&th=1&psc=1">View Product</a></div><div class="product"><a href="https://www.amazon.com/dp/B0DG359YX5?tag=eloabder-20&linkCode=osi&th=1&psc=1"><img src="https://m.media-amazon.com/images/I/41OBXL4HJdL._SL500_.jpg" alt="Product Image"></a><p>VIVO Clamp-on 13 inch Above or Below Desk 2-Tier Shelving Unit for Table Accessories, Gaming Devices, and More, Storage Tray, Desktop Organizer, Rustic Vintage Brown, STAND-SHELF2C-N</p><p> -20% 0FF </p><p>$39.99</p><a href="https://www.amazon.com/dp/B0DG359YX5?tag=eloabder-20&linkCode=osi&th=1&psc=1">View Product</a></div><div class="product"><a href="https://www.amazon.com/dp/B0D7S5GGP6?tag=eloabder-20&linkCode=osi&th=1&psc=1"><img src="https://m.media-amazon.com/images/I/51EriWG2BLL._SL500_.jpg" alt="Product Image"></a><p>C&AHOME Wire Cube Storage, 9 - Cube Organizer Metal C Grids, Modular Shelves Units, Closet Organizer, Ideal for Home, Office, Living Room, 36.6”L x 12.4”W x 48.4”H, Silver Gray UWCS3009G</p><p> -33% 0FF </p><p>$28.87</p><a href="https://www.amazon.com/dp/B0D7S5GGP6?tag=eloabder-20&linkCode=osi&th=1&psc=1">View Product</a></div>
<div class="product"><a href="https://www.amazon.com/dp/B0B1M6ML2J?tag=eloabder-20&linkCode=osi&th=1&psc=1"><img src="https://m.media-amazon.com/images/I/51pX2Qo38JL._SL500_.jpg" alt="Product Image"></a><p>WOWBOX 25 PCS Clear Plastic Drawer Organizer Set, 4 Sizes Desk Drawer Divider Organizers and Storage Bins for Makeup, Jewelry, Gadgets for Kitchen, Bedroom, Bathroom, Office</p><p> -35% 0FF </p><p>$16.13 ($0.65 / Count)</p><a href="https://www.amazon.com/dp/B0B1M6ML2J?tag=eloabder-20&linkCode=osi&th=1&psc=1">View Product</a></div><div class="product"><a href="https://www.amazon.com/dp/B0DB8F7GDN?tag=eloabder-20&linkCode=osi&th=1&psc=1"><img src="https://m.media-amazon.com/images/I/51iOtKHzvCL._SL500_.jpg" alt="Product Image"></a><p>OPNICE Desk Organizer and Accessories, 2-Tier Computer Monitor Stand Riser with Drawer and 2 Pen Holders, Laptop Stand, Office Desk Accessories for Office Supplies, Black</p><p> -27% 0FF </p><p>$21.99</p><a href="https://www.amazon.com/dp/B0DB8F7GDN?tag=eloabder-20&linkCode=osi&th=1&psc=1">View Product</a></div><div class="product"><a href="https://www.amazon.com/dp/B0FQ86P4M3?tag=eloabder-20&linkCode=osi&th=1&psc=1"><img src="https://m.media-amazon.com/images/I/41ZDdyGnPxL._SL500_.jpg" alt="Product Image"></a><p>Mind Reader 2-Tier Desk Organizer with Clamp, Accessory Shelf for Office or Gaming, Office, Metal, White</p><p> -5% 0FF </p><p>$37.99</p><a href="https://www.amazon.com/dp/B0FQ86P4M3?tag=eloabder-20&linkCode=osi&th=1&psc=1">View Product</a></div><div class="product"><a href="https://www.amazon.com/dp/B0BYDGF8DT?tag=eloabder-20&linkCode=osi&th=1&psc=1"><img src="https://m.media-amazon.com/images/I/51sE2GzgVNL._SL500_.jpg" alt="Product Image"></a><p>OPNICE Desk Organizer and Accessories, 4-Tier Desktop File Organizer with Drawer and 2 Pen Holders, Office Desk Accessories, Workspace Organizers for Office Supplies(Black)</p><p> -33% 0FF </p><p>$19.99</p><a href="https://www.amazon.com/dp/B0BYDGF8DT?tag=eloabder-20&linkCode=osi&th=1&psc=1">View Product</a></div><div class="product"><a href="https://www.amazon.com/dp/B0DJKSMV2T?tag=eloabder-20&linkCode=osi&th=1&psc=1"><img src="https://m.media-amazon.com/images/I/41gO3CCIg1L._SL500_.jpg" alt="Product Image"></a><p>gianotter Dual Monitor Stand Riser, Desk Organizer With Drawer and 2 Pen Holders, Computer Monitor Stand, Shelf for Top of Desk, Black</p><p> -28% 0FF </p><p>$25.99</p><a href="https://www.amazon.com/dp/B0DJKSMV2T?tag=eloabder-20&linkCode=osi&th=1&psc=1">View Product</a></div><div class="product"><a href="https://www.amazon.com/dp/B0BWTT3WK1?tag=eloabder-20&linkCode=osi&th=1&psc=1"><img src="https://m.media-amazon.com/images/I/51JTe2SjicL._SL500_.jpg" alt="Product Image"></a><p>gianotter Desk Organizers and Accessories with File Holder, 4-Tier Desk Accessories & Workspace Organizers with Drawer and 2 Pen Holder, Paper Organizer for Office Supplies (Rose Gold)</p><p> -27% 0FF </p><p>$23.99</p><a href="https://www.amazon.com/dp/B0BWTT3WK1?tag=eloabder-20&linkCode=osi&th=1&psc=1">View Product</a></div><div class="product"><a href="https://www.amazon.com/dp/B09QKDY1YY?tag=eloabder-20&linkCode=osi&th=1&psc=1"><img src="https://m.media-amazon.com/images/I/519UVM73B6L._SL500_.jpg" alt="Product Image"></a><p>Supeasy 5 Trays Paper Organizer Letter Tray with Handle-Mesh Desk File Organizer, Paper Sorter Desk Organizer for Office, Home or School</p><p> -17% 0FF </p><p>$19.99</p><a href="https://www.amazon.com/dp/B09QKDY1YY?tag=eloabder-20&linkCode=osi&th=1&psc=1">View Product</a></div><div class="product"><a href="https://www.amazon.com/dp/B08PBFKGJG?tag=eloabder-20&linkCode=osi&th=1&psc=1"><img src="https://m.media-amazon.com/images/I/61WfW0WLsqL._SL500_.jpg" alt="Product Image"></a><p>Marbrasse 6 Tier Paper Organizer Letter Tray - Mesh Desk File Organizer with Handle, Paper Sorter Organizer for Letter/A4 Office File Folder Holder - Black</p><p> -23% 0FF </p><p>$19.98</p><a href="https://www.amazon.com/dp/B08PBFKGJG?tag=eloabder-20&linkCode=osi&th=1&psc=1">View Product</a></div><div class="product"><a href="https://www.amazon.com/dp/B09K5927B5?tag=eloabder-20&linkCode=osi&th=1&psc=1"><img src="https://m.media-amazon.com/images/I/51u5tZ4jR6L._SL500_.jpg" alt="Product Image"></a><p>Marbrasse Desk Organizer with File Holder, 5-Tier Paper Letter Tray Organizer with Drawer and 2 Pen Holder, Mesh Desktop Organizer and Storage with Magazine Holder for Office Supplies(Black)</p><p> -24% 0FF </p><p>$33.99</p><a href="https://www.amazon.com/dp/B09K5927B5?tag=eloabder-20&linkCode=osi&th=1&psc=1">View Product</a></div>
<div class="product"><a href="https://www.amazon.com/dp/B0CNXF7SVS?tag=eloabder-20&linkCode=osi&th=1&psc=1"><img src="https://m.media-amazon.com/images/I/51a6EswyTZL._SL500_.jpg" alt="Product Image"></a><p>Manalete Drawer Organizers Set of 15, 4 Sizes Clear Plastic Drawer Organizers and Storage Bins for Kitchen, Bathroom, Office, Dresser Desk Drawer Organizer Tray for Jewelry, Makeup, Junk, Gadgets</p><p> -29% 0FF </p><p>$9.99</p><a href="https://www.amazon.com/dp/B0CNXF7SVS?tag=eloabder-20&linkCode=osi&th=1&psc=1">View Product</a></div><div class="product"><a href="https://www.amazon.com/dp/B0CCY5X6SS?tag=eloabder-20&linkCode=osi&th=1&psc=1"><img src="https://m.media-amazon.com/images/I/41Iye-vPXJL._SL500_.jpg" alt="Product Image"></a><p>Bamboo Drawer Organizer Set, 5 PCS Multi-Use Individual Wood Storage Organizers, Junk Drawer Divider and Storage Trays Containers for Kitchen, Bathroom, Office Desk, Makeup, Jewelry, Utensils</p><p> -20% 0FF </p><p>$19.99 ($4.00 / Count)</p><a href="https://www.amazon.com/dp/B0CCY5X6SS?tag=eloabder-20&linkCode=osi&th=1&psc=1">View Product</a></div><div class="product"><a href="https://www.amazon.com/dp/B0CCDJQ7MM?tag=eloabder-20&linkCode=osi&th=1&psc=1"><img src="https://m.media-amazon.com/images/I/51kU0WJxdsL._SL500_.jpg" alt="Product Image"></a><p>Marbrasse Expandable Desk Drawer Organizer, Mesh Drawer Organizer Tray with 10 Adjustable Compartments, Desk Organizers and Accessories, 5 Dividers Drawer for Office Supplies, Makeup & Vanity (Black)</p><p> -15% 0FF </p><p>$17.84</p><a href="https://www.amazon.com/dp/B0CCDJQ7MM?tag=eloabder-20&linkCode=osi&th=1&psc=1">View Product</a></div><div class="product"><a href="https://www.amazon.com/dp/B0DM27MBZN?tag=eloabder-20&linkCode=osi&th=1&psc=1"><img src="https://m.media-amazon.com/images/I/41hAfSMnrZL._SL500_.jpg" alt="Product Image"></a><p>ElegantArray 12 PCS Drawer Organizer Set, 4 Sizes Storage Drawer Units, Clear Plastic Makeup Vanity Organizer and Storage Bins for Makeup, Stationeries, Multiple Gadgets for Bathroom, Office, Bedroom</p><p> -31% 0FF </p><p>$8.99</p><a href="https://www.amazon.com/dp/B0DM27MBZN?tag=eloabder-20&linkCode=osi&th=1&psc=1">View Product</a></div>
<div class="product"><a href="https://www.amazon.com/dp/B0C4T42TPC?tag=eloabder-20&linkCode=osi&th=1&psc=1"><img src="https://m.media-amazon.com/images/I/318IsyAsPXL._SL500_.jpg" alt="Product Image"></a><p>Adjustable Mobile CPU Stand, Ventilated Computer Tower Stand with 4 Caster Wheels Fits Most PC Tower, Under Desk CPU Holder PC Floor Cart Computer Riser for Gamers and Students (Black)</p><p> -21% 0FF </p><p>$14.21</p><a href="https://www.amazon.com/dp/B0C4T42TPC?tag=eloabder-20&linkCode=osi&th=1&psc=1">View Product</a></div><div class="product"><a href="https://www.amazon.com/dp/B094QTGHNZ?tag=eloabder-20&linkCode=osi&th=1&psc=1"><img src="https://m.media-amazon.com/images/I/31VzBQ+jwWL._SL500_.jpg" alt="Product Image"></a><p>WALI Computer Monitor Stand for Desk, Adjustable Laptop Riser, Desk Monitor Stand Underneath Storage for Office, Home, School Supplies (STT003), 1 Pack, Black</p><p> -32% 0FF </p><p>$16.99</p><a href="https://www.amazon.com/dp/B094QTGHNZ?tag=eloabder-20&linkCode=osi&th=1&psc=1">View Product</a></div><div class="product"><a href="https://www.amazon.com/dp/B07H4DMLVH?tag=eloabder-20&linkCode=osi&th=1&psc=1"><img src="https://m.media-amazon.com/images/I/31eTfKhpSWL._SL500_.jpg" alt="Product Image"></a><p>HUANUO Monitor Stand, Monitor Stand Riser 3 Height Adjustable, Monitor Riser with Airflow Vents, Laptop Stand for Desk, Laptop Riser, Desk Organizer for Monitor, 15.6" Laptop, PC, Printer</p><p> -11% 0FF </p><p>$15.19</p><a href="https://www.amazon.com/dp/B07H4DMLVH?tag=eloabder-20&linkCode=osi&th=1&psc=1">View Product</a></div><div class="product"><a href="https://www.amazon.com/dp/B0D69W6H91?tag=eloabder-20&linkCode=osi&th=1&psc=1"><img src="https://m.media-amazon.com/images/I/51rQI+gi3lL._SL500_.jpg" alt="Product Image"></a><p>JANE EYRE Computer Tower Stand - Adjustable PC Tower Stand CPU Holder Cart with Charging Station for Office Home Classroom,23.03"-28.3" H, black</p><p> -10% 0FF </p><p>$53.99</p><a href="https://www.amazon.com/dp/B0D69W6H91?tag=eloabder-20&linkCode=osi&th=1&psc=1">View Product</a></div><div class="product"><a href="https://www.amazon.com/dp/B0C4T34L9Y?tag=eloabder-20&linkCode=osi&th=1&psc=1"><img src="https://m.media-amazon.com/images/I/51BNMGXNOEL._SL500_.jpg" alt="Product Image"></a><p>BONTEC Wooden Monitor Stand Riser, 2-Tier Desk Shelf with Storage Organizer, Ergonomic Computer Stand with Cable Management, Cellphone Holder, White, 16.5 Inch</p><p> -33% 0FF </p><p>$18.04</p><a href="https://www.amazon.com/dp/B0C4T34L9Y?tag=eloabder-20&linkCode=osi&th=1&psc=1">View Product</a></div><div class="product"><a href="https://www.amazon.com/dp/B08BRCT4JH?tag=eloabder-20&linkCode=osi&th=1&psc=1"><img src="https://m.media-amazon.com/images/I/41Ga6A+cXbL._SL500_.jpg" alt="Product Image"></a><p>BESIGN LS03 Aluminum Laptop Stand, Ergonomic Detachable Computer Stand, Notebook Riser Compatible with Air, Pro, Dell, HP, Lenovo More 10-15.6" Laptops, Silver</p><p> -25% 0FF </p><p>$14.98</p><a href="https://www.amazon.com/dp/B08BRCT4JH?tag=eloabder-20&linkCode=osi&th=1&psc=1">View Product</a></div>
<div class="product"><a href="https://www.amazon.com/dp/B07Q79ZZJ6?tag=eloabder-20&linkCode=osi&th=1&psc=1"><img src="https://m.media-amazon.com/images/I/31-LBzENQIL._SL500_.jpg" alt="Product Image"></a><p>Single LCD Computer Monitor Free-Standing Desk Stand Mount Riser for 13 inch to 32 inch screen with Swivel, Height Adjustable, Rotation, Vesa Base Stand Holds One (1) Screen up to 77Lbs(HT05B-001))</p><p> -34% 0FF </p><p>$21.99</p><a href="https://www.amazon.com/dp/B07Q79ZZJ6?tag=eloabder-20&linkCode=osi&th=1&psc=1">View Product</a></div><div class="product"><a href="https://www.amazon.com/dp/B082845XM8?tag=eloabder-20&linkCode=osi&th=1&psc=1"><img src="https://m.media-amazon.com/images/I/41uRH1B7HgL._SL500_.jpg" alt="Product Image"></a><p>Dual Monitor Stand - Vertical Stack Screen Free-Standing Monitor Riser Fits Two 13 to 34 Inch Screen with Swivel, Tilt, Height Adjustable, Holds One (1) Screen Up to 44Lbs</p><p> -5% 0FF </p><p>$31.56</p><a href="https://www.amazon.com/dp/B082845XM8?tag=eloabder-20&linkCode=osi&th=1&psc=1">View Product</a></div><div class="product"><a href="https://www.amazon.com/dp/B00X4SCCFG?tag=eloabder-20&linkCode=osi&th=1&psc=1"><img src="https://m.media-amazon.com/images/I/21X2klzUZGL._SL500_.jpg" alt="Product Image"></a><p>Amazon Basics Height Adjustable Rectangular Computer Monitor Riser Desk Stand with Storage for Reduced Neck Strain - Fits Monitors, Laptops Up to 22lbs, Black</p><p> -35% 0FF </p><p>$14.06</p><a href="https://www.amazon.com/dp/B00X4SCCFG?tag=eloabder-20&linkCode=osi&th=1&psc=1">View Product</a></div>
<div class="product"><a href="https://www.amazon.com/dp/B07HFDJCSL?tag=eloabder-20&linkCode=osi&th=1&psc=1"><img src="https://m.media-amazon.com/images/I/41DR7qY1naL._SL500_.jpg" alt="Product Image"></a><p>VIVO Large Keyboard Tray Under Desk Pull Out with Extra Sturdy C Clamp Mount System, 27 (33 Including Clamps) x 11 Inch Slide-Out Platform Computer Drawer for Typing, Black, MOUNT-KB05E</p><p> -17% 0FF </p><p>$49.99</p><a href="https://www.amazon.com/dp/B07HFDJCSL?tag=eloabder-20&linkCode=osi&th=1&psc=1">View Product</a></div><div class="product"><a href="https://www.amazon.com/dp/B082NKBM62?tag=eloabder-20&linkCode=osi&th=1&psc=1"><img src="https://m.media-amazon.com/images/I/41qQ3p9-mrL._SL500_.jpg" alt="Product Image"></a><p>HUANUO Keyboard Tray Under Desk, 360 Adjustable Ergonomic Sliding Keyboard & Mouse Tray, Under Desk Keyboard Tray Slide Out, Keyboard Holder Under Desk for Typing in Home, Office Work, 25"W x 9.84"D</p><p> -33% 0FF </p><p>$59.98</p><a href="https://www.amazon.com/dp/B082NKBM62?tag=eloabder-20&linkCode=osi&th=1&psc=1">View Product</a></div><div class="product"><a href="https://www.amazon.com/dp/B0F23GTKHL?tag=eloabder-20&linkCode=osi&th=1&psc=1"><img src="https://m.media-amazon.com/images/I/41dmHoeznDL._SL500_.jpg" alt="Product Image"></a><p>Zontera Ergonomic Mouse & Keyboard Tray Under Desk, Pull Out with Adjustable C-clamp, 20 (25.9 Including Clamps) x 11.8 Inch Slide Out Computer Keyboard Drawer Mouse Tray for Typing, Black</p><p> -7% 0FF </p><p>$25.99</p><a href="https://www.amazon.com/dp/B0F23GTKHL?tag=eloabder-20&linkCode=osi&th=1&psc=1">View Product</a></div><div class="product"><a href="https://www.amazon.com/dp/B01IIGMBVI?tag=eloabder-20&linkCode=osi&th=1&psc=1"><img src="https://m.media-amazon.com/images/I/21Vw8003F0L._SL500_.jpg" alt="Product Image"></a><p>Alera ALE Valencia Series Underdesk Keyboard/Mouse Shelf, 28w x 12d, Black</p><p> -50% 0FF </p><p>$29.22</p><a href="https://www.amazon.com/dp/B01IIGMBVI?tag=eloabder-20&linkCode=osi&th=1&psc=1">View Product</a></div>
<div class="product"><a href="https://www.amazon.com/dp/B07C3XZMC6?tag=eloabder-20&linkCode=osi&th=1&psc=1"><img src="https://m.media-amazon.com/images/I/31Eojf7glwL._SL500_.jpg" alt="Product Image"></a><p>JIKIOU 3 Pack Mouse Pad with Stitched Edge, Comfortable Mouse Pads with Non-Slip Rubber Base, Washable Mousepads Bulk with Comfortable Cloth, Mouse Pads for Computers Laptop Mouse 10.2x8.3inch Black</p><p> -29% 0FF </p><p>$7.99</p><a href="https://www.amazon.com/dp/B07C3XZMC6?tag=eloabder-20&linkCode=osi&th=1&psc=1">View Product</a></div><div class="product"><a href="https://www.amazon.com/dp/B085XRMSTT?tag=eloabder-20&linkCode=osi&th=1&psc=1"><img src="https://m.media-amazon.com/images/I/31aDSI0sFoL._SL500_.jpg" alt="Product Image"></a><p>EooCoo Ergonomic Mouse Pad with Wrist Support, Mousepad with Memory Foam Wrist Rest and Non-Slip Base for Computer, Cafe, Home & Office, 9.64 x 8.26 in Office Desk Accessories</p><p> -36% 0FF </p><p>$6.99</p><a href="https://www.amazon.com/dp/B085XRMSTT?tag=eloabder-20&linkCode=osi&th=1&psc=1">View Product</a></div>
<div class="product"><a href="https://www.amazon.com/dp/B0BRCJL4MM?tag=eloabder-20&linkCode=osi&th=1&psc=1"><img src="https://m.media-amazon.com/images/I/41sggzaNbPL._SL500_.jpg" alt="Product Image"></a><p>Led Desk Lamp for Office Home - Eye Caring Architect lamp with Clamp,Dual Screen Computer Monitor Gooseneck Smart Light: 24W 5 Color Flexible Adjustable Lighting Table Lamp for Study Drafting</p><p> -13% 0FF </p><p>$69.99</p><a href="https://www.amazon.com/dp/B0BRCJL4MM?tag=eloabder-20&linkCode=osi&th=1&psc=1">View Product</a></div><div class="product"><a href="https://www.amazon.com/dp/B0BNHNG5CY?tag=eloabder-20&linkCode=osi&th=1&psc=1"><img src="https://m.media-amazon.com/images/I/51ccmdZe2YL._SL500_.jpg" alt="Product Image"></a><p>Micomlan Led Desk Lamp with Clamp, Architect Desk Lamp for Home Office with Atmosphere Lighting, 24W Ultra Bright Auto Dimming Computer Light Stepless Dimming and Tempering LED Table Light</p><p> -27% 0FF </p><p>$49.99</p><a href="https://www.amazon.com/dp/B0BNHNG5CY?tag=eloabder-20&linkCode=osi&th=1&psc=1">View Product</a></div><div class="product"><a href="https://www.amazon.com/dp/B078W61H9P?tag=eloabder-20&linkCode=osi&th=1&psc=1"><img src="https://m.media-amazon.com/images/I/31aebwb3nqL._SL500_.jpg" alt="Product Image"></a><p>LEPOWER Metal Desk Lamp, Eye-Caring Table Lamp, Study Lamps with Flexible Goose Neck for Bedroom, Home Office (Matte Black)</p><p> -24% 0FF </p><p>$24.99</p><a href="https://www.amazon.com/dp/B078W61H9P?tag=eloabder-20&linkCode=osi&th=1&psc=1">View Product</a></div><div class="product"><a href="https://www.amazon.com/dp/B0D1DLY4H4?tag=eloabder-20&linkCode=osi&th=1&psc=1"><img src="https://m.media-amazon.com/images/I/41sKiuSIwRL._SL500_.jpg" alt="Product Image"></a><p>SKYLEO Led Desk Lamp - Desk Light for 31.5" Tall - 5 Color Modes X 11 Brightness Levels - Adjustable Swing Arm - Timmer & Memory Function - 12W Lamp for Desk - Black</p><p> -23% 0FF </p><p>$19.99</p><a href="https://www.amazon.com/dp/B0D1DLY4H4?tag=eloabder-20&linkCode=osi&th=1&psc=1">View Product</a></div><div class="product"><a href="https://www.amazon.com/dp/B0D2LGK82V?tag=eloabder-20&linkCode=osi&th=1&psc=1"><img src="https://m.media-amazon.com/images/I/41UpQ-qygDL._SL500_.jpg" alt="Product Image"></a><p>Addtam LED Desk Lamp, Power Strip with 3 Outlets 4 USB Charging Ports(2 USBC), 4 Modes 5 Level Brightness Touch Lamp, Small Desk Lamp for Home Office College Dorm Room Essentials</p><p> -23% 0FF </p><p>$16.99</p><a href="https://www.amazon.com/dp/B0D2LGK82V?tag=eloabder-20&linkCode=osi&th=1&psc=1">View Product</a></div><div class="product"><a href="https://www.amazon.com/dp/B08LMTQ7ZF?tag=eloabder-20&linkCode=osi&th=1&psc=1"><img src="https://m.media-amazon.com/images/I/21vKPX2KHML._SL500_.jpg" alt="Product Image"></a><p>Lepro LED Desk Lamp for Home Office, 9.5W 750LM Metal Touch Control Desk Light, 5 Color Modes 5 Brightness Level, Eye Caring Task Lamp For Reading, Sewing, Crafts, School Supplies, Puzzle Light, Black</p><p> -13% 0FF </p><p>$24.99</p><a href="https://www.amazon.com/dp/B08LMTQ7ZF?tag=eloabder-20&linkCode=osi&th=1&psc=1">View Product</a></div>
<div class="product"><a href="https://www.amazon.com/dp/B0D7BXNDP4?tag=eloabder-20&linkCode=osi&th=1&psc=1"><img src="https://m.media-amazon.com/images/I/41DuEunZ1+L._SL500_.jpg" alt="Product Image"></a><p>Monitor Fan with Clamp & Light Bar Desk Lamp with fan for Office mini Desk fan small quiet with lamp for PC Laptops Tablet for Home Office Portable Working Reading Stand Lamp</p><p> -5% 0FF </p><p>$15.19</p><a href="https://www.amazon.com/dp/B0D7BXNDP4?tag=eloabder-20&linkCode=osi&th=1&psc=1">View Product</a></div><div class="product"><a href="https://www.amazon.com/dp/B07K1D41DC?tag=eloabder-20&linkCode=osi&th=1&psc=1"><img src="https://m.media-amazon.com/images/I/310MAouNV-L._SL500_.jpg" alt="Product Image"></a><p>OttLite Cool Breeze LED Lamp with Bladeless Fan - 3 Speed Options & 5 Brightness Settings with Energy Efficient Natural Daylight LEDs - Desktop, Table or Nightstand Lamp for Studying or Reading</p><p> -14% 0FF </p><p>$89.98</p><a href="https://www.amazon.com/dp/B07K1D41DC?tag=eloabder-20&linkCode=osi&th=1&psc=1">View Product</a></div>
<div class="product"><a href="https://www.amazon.com/dp/B0CXSXL1F2?tag=eloabder-20&linkCode=osi&th=1&psc=1"><img src="https://m.media-amazon.com/images/I/41H6cndt7iL._SL500_.jpg" alt="Product Image"></a><p>9 Pack Lined Sticky Notes 4x6 in Post Sticky Notes with Lines, 9 Bright Colors Self Sticky Notes Pad Its, Large Ruled Sticky Note for Office, Home, 35 Sheets/Pad</p><p> -33% 0FF </p><p>$7.99</p><a href="https://www.amazon.com/dp/B0CXSXL1F2?tag=eloabder-20&linkCode=osi&th=1&psc=1">View Product</a></div><div class="product"><a href="https://www.amazon.com/dp/B019QROV9S?tag=eloabder-20&linkCode=osi&th=1&psc=1"><img src="https://m.media-amazon.com/images/I/51OsStyntzL._SL500_.jpg" alt="Product Image"></a><p>Sharpie Clear View Highlighter Sticks, Chisel Tip, Assorted Fluorescent, 8 Count - School, Home, and Office Use, Teacher Supplies</p><p> -23% 0FF </p><p>$13.86</p><a href="https://www.amazon.com/dp/B019QROV9S?tag=eloabder-20&linkCode=osi&th=1&psc=1">View Product</a></div>
<div class="product"><a href="https://www.amazon.com/dp/B082PN4X5J?tag=eloabder-20&linkCode=osi&th=1&psc=1"><img src="https://m.media-amazon.com/images/I/51o+eA8g6nL._SL500_.jpg" alt="Product Image"></a><p>Sharpie S-Gel Gel Pens, Black Barrel, Medium Point (0.7mm), Black Gel Ink Pens, 12 Count - Home, Office, School, Journaling, Writing, Note-Taking, Teacher Supplies</p><p> -14% 0FF </p><p>$11.97</p><a href="https://www.amazon.com/dp/B082PN4X5J?tag=eloabder-20&linkCode=osi&th=1&psc=1">View Product</a></div><div class="product"><a href="https://www.amazon.com/dp/B0C9W8DD9S?tag=eloabder-20&linkCode=osi&th=1&psc=1"><img src="https://m.media-amazon.com/images/I/41mdSvEwNZL._SL500_.jpg" alt="Product Image"></a><p>Ddaowanx Gel Pens, 6 Pcs 0.5mm Quick Dry Black Ink Pens Fine Point Smooth Writing Pens, Cute Office School Supplies Gifts for Women</p><p> -10% 0FF </p><p>$8.99</p><a href="https://www.amazon.com/dp/B0C9W8DD9S?tag=eloabder-20&linkCode=osi&th=1&psc=1">View Product</a></div><div class="product"><a href="https://www.amazon.com/dp/B019QBOG3U?tag=eloabder-20&linkCode=osi&th=1&psc=1"><img src="https://m.media-amazon.com/images/I/416PjSebDoL._SL500_.jpg" alt="Product Image"></a><p>Paper Mate Colorful Gel Pens - InkJoy Gel Pens Assorted Medium Point (0.7). Perfect for Vibrant Colored Writing and Sketching with Paper Mate InkJoy 14 Count</p><p> -18% 0FF </p><p>$10.31</p><a href="https://www.amazon.com/dp/B019QBOG3U?tag=eloabder-20&linkCode=osi&th=1&psc=1">View Product</a></div><div class="product"><a href="https://www.amazon.com/dp/B0C73JDN4S?tag=eloabder-20&linkCode=osi&th=1&psc=1"><img src="https://m.media-amazon.com/images/I/51DJUUxL7HL._SL500_.jpg" alt="Product Image"></a><p>Linbsunne Ballpoint Pens Black Medium Point 1mm Pen with Super Soft Grip Ball Point Pen for Men Women Retractable Pens (gold-12 pcs)</p><p> -10% 0FF </p><p>$8.99</p><a href="https://www.amazon.com/dp/B0C73JDN4S?tag=eloabder-20&linkCode=osi&th=1&psc=1">View Product</a></div><div class="product"><a href="https://www.amazon.com/dp/B001OTA66O?tag=eloabder-20&linkCode=osi&th=1&psc=1"><img src="https://m.media-amazon.com/images/I/41yS5tBZQLL._SL500_.jpg" alt="Product Image"></a><p>BIC Glide Black Retractable Ballpoint Pens, Medium Point (1.0mm), 4-Count Pack, Ultra Smooth Writing Black Pens</p><p> -40% 0FF </p><p>$2.99</p><a href="https://www.amazon.com/dp/B001OTA66O?tag=eloabder-20&linkCode=osi&th=1&psc=1">View Product</a></div>
<div class="product"><a href="https://www.amazon.com/dp/B002HVXXCW?tag=eloabder-20&linkCode=osi&th=1&psc=1"><img src="https://m.media-amazon.com/images/I/41JeEedXCeL._SL500_.jpg" alt="Product Image"></a><p>Ticonderoga Wood-Cased Pencils, Pre-Sharpened, 2 HB Soft, Yellow, 10 Count</p><p> -58% 0FF </p><p>$2.49</p><a href="https://www.amazon.com/dp/B002HVXXCW?tag=eloabder-20&linkCode=osi&th=1&psc=1">View Product</a></div><div class="product"><a href="https://www.amazon.com/dp/B077Q4B6YN?tag=eloabder-20&linkCode=osi&th=1&psc=1"><img src="https://m.media-amazon.com/images/I/4160YcHGDNL._SL500_.jpg" alt="Product Image"></a><p>Paper Mate 2017483 Mechanical Pencils for Handwriting, Triangular, 5/PK, AST</p><p> -45% 0FF </p><p>$3.47</p><a href="https://www.amazon.com/dp/B077Q4B6YN?tag=eloabder-20&linkCode=osi&th=1&psc=1">View Product</a></div>
<div class="product"><a href="https://www.amazon.com/dp/B0D7YTZNRF?tag=eloabder-20&linkCode=osi&th=1&psc=1"><img src="https://m.media-amazon.com/images/I/41hSbSlNAmL._SL500_.jpg" alt="Product Image"></a><p>YASNAY Alcohol Markers, 48 Colors Dual Tip Art Marker, Drawing Markers, Coloring Marker for Kids Sketching Adult Coloring</p><p> -27% 0FF </p><p>$10.99</p><a href="https://www.amazon.com/dp/B0D7YTZNRF?tag=eloabder-20&linkCode=osi&th=1&psc=1">View Product</a></div><div class="product"><a href="https://www.amazon.com/dp/B07CJ8QXF8?tag=eloabder-20&linkCode=osi&th=1&psc=1"><img src="https://m.media-amazon.com/images/I/51bChi4-H4L._SL500_.jpg" alt="Product Image"></a><p>Dual Markers Brush Pens, 36 Fine Point Art Marker, Double Tip Colored Pen for Adult Coloring Hand Lettering, School Classroom Art Suppliers</p><p> -20% 0FF </p><p>$7.98</p><a href="https://www.amazon.com/dp/B07CJ8QXF8?tag=eloabder-20&linkCode=osi&th=1&psc=1">View Product</a></div><div class="product"><a href="https://www.amazon.com/dp/B071CP6X88?tag=eloabder-20&linkCode=osi&th=1&psc=1"><img src="https://m.media-amazon.com/images/I/41sNeEYkTNL._SL500_.jpg" alt="Product Image"></a><p>Crayola Super Tips Marker Set for Kids (100ct), Broad Tip & Fine Point Washable Art Markers for Kids, Bulk School Supplies, Teacher Classroom Must Haves, Drawing Supplies</p><p> -19% 0FF </p><p>$16.29</p><a href="https://www.amazon.com/dp/B071CP6X88?tag=eloabder-20&linkCode=osi&th=1&psc=1">View Product</a></div><div class="product"><a href="https://www.amazon.com/dp/B08MBFPFCQ?tag=eloabder-20&linkCode=osi&th=1&psc=1"><img src="https://m.media-amazon.com/images/I/51DaGL7Z4oL._SL500_.jpg" alt="Product Image"></a><p>Sharpie Permanent Markers Variety Pack, Includes Chisel, Fine, and Ultra-Fine Tips, Marker Set, Writing, Coloring, Poster, Office, School Supplies, Black, 6 Count</p><p> -19% 0FF </p><p>$4.63 ($0.77 / Count)</p><a href="https://www.amazon.com/dp/B08MBFPFCQ?tag=eloabder-20&linkCode=osi&th=1&psc=1">View Product</a></div>
<div class="product"><a href="https://www.amazon.com/dp/B09Y2KJ2KX?tag=eloabder-20&linkCode=osi&th=1&psc=1"><img src="https://m.media-amazon.com/images/I/41EhQr7suML._SL500_.jpg" alt="Product Image"></a><p>Sharpie Pocket Highlighters, Mild Pastel Colors, Assorted, Chisel Tip, 12 Count - School, Home, and Office Use, Teacher Supplies</p><p> -22% 0FF </p><p>$7.76 ($0.65 / Count)</p><a href="https://www.amazon.com/dp/B09Y2KJ2KX?tag=eloabder-20&linkCode=osi&th=1&psc=1">View Product</a></div><div class="product"><a href="https://www.amazon.com/dp/B08698MJWT?tag=eloabder-20&linkCode=osi&th=1&psc=1"><img src="https://m.media-amazon.com/images/I/512N7aYt5oL._SL500_.jpg" alt="Product Image"></a><p>Sharpie S-Note Creative Markers, Pastel Highlighters, Art Marker Set, Assorted Colors, Chisel Tip, 24 Count - School, Home, and Office Use, Teacher Supplies</p><p> -60% 0FF </p><p>$8.83</p><a href="https://www.amazon.com/dp/B08698MJWT?tag=eloabder-20&linkCode=osi&th=1&psc=1">View Product</a></div>
<div class="product"><a href="https://www.amazon.com/dp/B097DPQPYN?tag=eloabder-20&linkCode=osi&th=1&psc=1"><img src="https://m.media-amazon.com/images/I/51nFyQPtfkL._SL500_.jpg" alt="Product Image"></a><p>Sonuimy Pencil Sharpeners, 4 Pcs Pencil Sharpeners Manual,Dual Holes Compact Colored Handheld Pencil Sharpener for Kids with Lid Adults Students School Class Home Office (Covered)</p><p> -13% 0FF </p><p>$4.49</p><a href="https://www.amazon.com/dp/B097DPQPYN?tag=eloabder-20&linkCode=osi&th=1&psc=1">View Product</a></div><div class="product"><a href="https://www.amazon.com/dp/B000MFN1G8?tag=eloabder-20&linkCode=osi&th=1&psc=1"><img src="https://m.media-amazon.com/images/I/41JPflroUEL._SL500_.jpg" alt="Product Image"></a><p>Compact Desktop Electric Pencil Sharpener, Black, Sold as 1 Each</p><p> -21% 0FF </p><p>$15.89</p><a href="https://www.amazon.com/dp/B000MFN1G8?tag=eloabder-20&linkCode=osi&th=1&psc=1">View Product</a></div><div class="product"><a href="https://www.amazon.com/dp/B00125KXGI?tag=eloabder-20&linkCode=osi&th=1&psc=1"><img src="https://m.media-amazon.com/images/I/51avY0bZv6L._SL500_.jpg" alt="Product Image"></a><p>Bostitch Office Personal Electric Pencil Sharpener, Powerful Stall-Free Motor, High Capacity Shavings Tray, Blue</p><p> -13% 0FF </p><p>$17.48</p><a href="https://www.amazon.com/dp/B00125KXGI?tag=eloabder-20&linkCode=osi&th=1&psc=1">View Product</a></div><div class="product"><a href="https://www.amazon.com/dp/B078DZY9Z5?tag=eloabder-20&linkCode=osi&th=1&psc=1"><img src="https://m.media-amazon.com/images/I/41KbUFGrXfL._SL500_.jpg" alt="Product Image"></a><p>JARLINK Electric Pencil Sharpener, Heavy-Duty Helical Blade to Fast Sharpen, Auto Stop for No.2/Colored Pencils(6-8mm), AC Adapter/Battery Operated in School Classroom/Office/Home (Black)</p><p> -21% 0FF </p><p>$16.98</p><a href="https://www.amazon.com/dp/B078DZY9Z5?tag=eloabder-20&linkCode=osi&th=1&psc=1">View Product</a></div><div class="product"><a href="https://www.amazon.com/dp/B08DLXH86D?tag=eloabder-20&linkCode=osi&th=1&psc=1"><img src="https://m.media-amazon.com/images/I/41UghsnBycL._SL500_.jpg" alt="Product Image"></a><p>Aogwat Pencil Sharpener Electric Pencil Sharpener for Kids, Blade to Fast Sharpen, Suitable for No.2/School/Classroom/Office/Home (Black)</p><p> -23% 0FF </p><p>$9.99</p><a href="https://www.amazon.com/dp/B08DLXH86D?tag=eloabder-20&linkCode=osi&th=1&psc=1">View Product</a></div><div class="product"><a href="https://www.amazon.com/dp/B000GP0VIU?tag=eloabder-20&linkCode=osi&th=1&psc=1"><img src="https://m.media-amazon.com/images/I/318OKKSwzbL._SL500_.jpg" alt="Product Image"></a><p>Bostitch Office Wall Mount Manual Pencil Sharpener, Tip Saver, 8 Hole Dial, 6X Longer Cutter Life, Vertical or Horizontal Mounting Black (MPS1-BLK)</p><p> -9% 0FF </p><p>$13.18</p><a href="https://www.amazon.com/dp/B000GP0VIU?tag=eloabder-20&linkCode=osi&th=1&psc=1">View Product</a></div>
<div class="product"><a href="https://www.amazon.com/dp/B00094H4LU?tag=eloabder-20&linkCode=osi&th=1&psc=1"><img src="https://m.media-amazon.com/images/I/41f-fbZYU1L._SL500_.jpg" alt="Product Image"></a><p>Paper Mate Erasers | Pink Pearl Large Erasers 12 Count</p><p> -55% 0FF </p><p>$6.03</p><a href="https://www.amazon.com/dp/B00094H4LU?tag=eloabder-20&linkCode=osi&th=1&psc=1">View Product</a></div><div class="product"><a href="https://www.amazon.com/dp/B07DPVVMWB?tag=eloabder-20&linkCode=osi&th=1&psc=1"><img src="https://m.media-amazon.com/images/I/51wLlsENgiL._SL500_.jpg" alt="Product Image"></a><p>Mr. Pen Erasers for Pencils, 120 Pack, Pencil Top Erasers, Eraser Caps, Cap Tops, Topper Erasers. Ereaser</p><p> -24% 0FF </p><p>$5.95</p><a href="https://www.amazon.com/dp/B07DPVVMWB?tag=eloabder-20&linkCode=osi&th=1&psc=1">View Product</a></div><div class="product"><a href="https://www.amazon.com/dp/B07144DC8V?tag=eloabder-20&linkCode=osi&th=1&psc=1"><img src="https://m.media-amazon.com/images/I/51Ed1+HW9cL._SL500_.jpg" alt="Product Image"></a><p>Pentel Hi-Polymer Block Eraser, White, 10/Box (ZEH10PC10)</p><p> -44% 0FF </p><p>$9.99</p><a href="https://www.amazon.com/dp/B07144DC8V?tag=eloabder-20&linkCode=osi&th=1&psc=1">View Product</a></div><div class="product"><a href="https://www.amazon.com/dp/B0047CT6SE?tag=eloabder-20&linkCode=osi&th=1&psc=1"><img src="https://m.media-amazon.com/images/I/41bhWXKeeiL._SL500_.jpg" alt="Product Image"></a><p>Pentel Clic Retractable Eraser with Grip, 3 Pack</p><p> -29% 0FF </p><p>$4.77</p><a href="https://www.amazon.com/dp/B0047CT6SE?tag=eloabder-20&linkCode=osi&th=1&psc=1">View Product</a></div>
<div class="product"><a href="https://www.amazon.com/dp/B09S9X3HV7?tag=eloabder-20&linkCode=osi&th=1&psc=1"><img src="https://m.media-amazon.com/images/I/51GgMyfl5VL._SL500_.jpg" alt="Product Image"></a><p>Color Transparent Ruler Plastic Rulers - Ruler 12 inch, Kids Ruler for School, Ruler with Centimeters, Millimeter and Inches, Assorted Colors, Clear Rulers, 7 Pack School Rulers</p><p> -16% 0FF </p><p>$5.99</p><a href="https://www.amazon.com/dp/B09S9X3HV7?tag=eloabder-20&linkCode=osi&th=1&psc=1">View Product</a></div><div class="product"><a href="https://www.amazon.com/dp/B06XK9VQM4?tag=eloabder-20&linkCode=osi&th=1&psc=1"><img src="https://m.media-amazon.com/images/I/51Glln3n-nL._SL500_.jpg" alt="Product Image"></a><p>Outus 12 Pack Wood Ruler Bulk for Students Wooden School Rulers Gifts Office Classroom Measuring, 2 Scale, 12 Inch and 30 cm</p><p> -6% 0FF </p><p>$7.99</p><a href="https://www.amazon.com/dp/B06XK9VQM4?tag=eloabder-20&linkCode=osi&th=1&psc=1">View Product</a></div><div class="product"><a href="https://www.amazon.com/dp/B0B5MLTG7J?tag=eloabder-20&linkCode=osi&th=1&psc=1"><img src="https://m.media-amazon.com/images/I/51z9LUxLKmL._SL500_.jpg" alt="Product Image"></a><p>DAGONGREN 30 Pack Clear Plastic Rulers 12 Inch,Transparent Assorted Color Metric Bulk Rulers with Inches and Centimeters,Kids Ruler for School,Home,Office</p><p> -9% 0FF </p><p>$9.99</p><a href="https://www.amazon.com/dp/B0B5MLTG7J?tag=eloabder-20&linkCode=osi&th=1&psc=1">View Product</a></div><div class="product"><a href="https://www.amazon.com/dp/B096MPPF53?tag=eloabder-20&linkCode=osi&th=1&psc=1"><img src="https://m.media-amazon.com/images/I/51qUpElDRcS._SL500_.jpg" alt="Product Image"></a><p>Tenare 1 Set Plastic Clear Math Set Includes Protractor Triangle Rulers 12 Inch 6 Inch Straight Geometry Math Transparent Ruler Measuring Tool for School Office Home Supplies(Clear)</p><p> -25% 0FF </p><p>$5.98</p><a href="https://www.amazon.com/dp/B096MPPF53?tag=eloabder-20&linkCode=osi&th=1&psc=1">View Product</a></div>
<div class="product"><a href="https://www.amazon.com/dp/B07YDDX4JL?tag=eloabder-20&linkCode=osi&th=1&psc=1"><img src="https://m.media-amazon.com/images/I/41oBPZwCRLL._SL500_.jpg" alt="Product Image"></a><p>3-Pack 8" Heavy Duty Scissors with Ultra Sharp Blades and Comfort Grip Handles - For Office, Home, School, Sewing, and Crafts</p><p> -15% 0FF </p><p>$8.49 ($2.83 / Count)</p><a href="https://www.amazon.com/dp/B07YDDX4JL?tag=eloabder-20&linkCode=osi&th=1&psc=1">View Product</a></div><div class="product"><a href="https://www.amazon.com/dp/B01BRGU8R0?tag=eloabder-20&linkCode=osi&th=1&psc=1"><img src="https://m.media-amazon.com/images/I/41ANVra+eNL._SL500_.jpg" alt="Product Image"></a><p>Amazon Basics Stainless Steel Scissors for Office, Crafts, Multipurpose, Sharp, Comfort Grip, PVD Coated, 3 Pack, Multicolor</p><p> -45% 0FF </p><p>$7.55</p><a href="https://www.amazon.com/dp/B01BRGU8R0?tag=eloabder-20&linkCode=osi&th=1&psc=1">View Product</a></div><div class="product"><a href="https://www.amazon.com/dp/B000P0LNRE?tag=eloabder-20&linkCode=osi&th=1&psc=1"><img src="https://m.media-amazon.com/images/I/41fWgMTO0JL._SL500_.jpg" alt="Product Image"></a><p>Westcott 8-Inch Titanium-Bonded Scissors with Adjustable Glide Feature for Office and Home - Gray/Yellow, 2-Pack</p><p> -33% 0FF </p><p>$9.97</p><a href="https://www.amazon.com/dp/B000P0LNRE?tag=eloabder-20&linkCode=osi&th=1&psc=1">View Product</a></div>
<div class="product"><a href="https://www.amazon.com/dp/B074ZRZ4CZ?tag=eloabder-20&linkCode=osi&th=1&psc=1"><img src="https://m.media-amazon.com/images/I/41bu+HKxC2L._SL500_.jpg" alt="Product Image"></a><p>Swingline Commercial Stapler, 20 Sheet Capacity, Jam Free, Metal, 2 Pack, Black (44401AZ)</p><p> -5% 0FF </p><p>$18.98</p><a href="https://www.amazon.com/dp/B074ZRZ4CZ?tag=eloabder-20&linkCode=osi&th=1&psc=1">View Product</a></div><div class="product"><a href="https://www.amazon.com/dp/B001PME62K?tag=eloabder-20&linkCode=osi&th=1&psc=1"><img src="https://m.media-amazon.com/images/I/41gbaJu-3iL._SL500_.jpg" alt="Product Image"></a><p>Swingline Stapler, 40 Sheet Capacity, Optima 40, Jam Free, Reduced Effort, Soft Grip, Metal, Orange and Gray (87845)</p><p> -14% 0FF </p><p>$24.19</p><a href="https://www.amazon.com/dp/B001PME62K?tag=eloabder-20&linkCode=osi&th=1&psc=1">View Product</a></div><div class="product"><a href="https://www.amazon.com/dp/B0D2JBKYM1?tag=eloabder-20&linkCode=osi&th=1&psc=1"><img src="https://m.media-amazon.com/images/I/41zFTU9QpfL._SL500_.jpg" alt="Product Image"></a><p>Bostitch Office Stapler, No-Jam Premium for Desktop, Includes 1,250 Staples, Full-Strip, 25 Sheet Capacity, Black</p><p> -26% 0FF </p><p>$6.99</p><a href="https://www.amazon.com/dp/B0D2JBKYM1?tag=eloabder-20&linkCode=osi&th=1&psc=1">View Product</a></div><div class="product"><a href="https://www.amazon.com/dp/B0CC5GJKM1?tag=eloabder-20&linkCode=osi&th=1&psc=1"><img src="https://m.media-amazon.com/images/I/41JDDoSZQiL._SL500_.jpg" alt="Product Image"></a><p>Metal Stapler Heavy Duty 50 Sheet Capacity with 1750 Staples and Staple Remover, Full Strip Staplers for Desk, No Jam, Non-Slip for Office & Classroom, Black</p><p> -33% 0FF </p><p>$13.29</p><a href="https://www.amazon.com/dp/B0CC5GJKM1?tag=eloabder-20&linkCode=osi&th=1&psc=1">View Product</a></div><div class="product"><a href="https://www.amazon.com/dp/B0006HUQZ6?tag=eloabder-20&linkCode=osi&th=1&psc=1"><img src="https://m.media-amazon.com/images/I/31e-T-f1TGL._SL500_.jpg" alt="Product Image"></a><p>Swingline Stapler, 30 Sheet Capacity, 747 Business Stapler, Jam Free, Metal, Rio Red (74736)</p><p> -23% 0FF </p><p>$15.30</p><a href="https://www.amazon.com/dp/B0006HUQZ6?tag=eloabder-20&linkCode=osi&th=1&psc=1">View Product</a></div>
<div class="product"><a href="https://www.amazon.com/dp/B00J8PJJF0?tag=eloabder-20&linkCode=osi&th=1&psc=1"><img src="https://m.media-amazon.com/images/I/418dc+5ZGkL._SL500_.jpg" alt="Product Image"></a><p>Bostitch Office Premium Standard Staples, 1/4" Full Strip, Box of 5,000 Staples</p><p> -27% 0FF </p><p>$4.39</p><a href="https://www.amazon.com/dp/B00J8PJJF0?tag=eloabder-20&linkCode=osi&th=1&psc=1">View Product</a></div><div class="product"><a href="https://www.amazon.com/dp/B079VYR12V?tag=eloabder-20&linkCode=osi&th=1&psc=1"><img src="https://m.media-amazon.com/images/I/51xAt88vqrL._SL500_.jpg" alt="Product Image"></a><p>Officemate Standard Staples, 10 Boxes General Purpose Staple (91950)</p><p> -10% 0FF </p><p>$14.37</p><a href="https://www.amazon.com/dp/B079VYR12V?tag=eloabder-20&linkCode=osi&th=1&psc=1">View Product</a></div><div class="product"><a href="https://www.amazon.com/dp/B00006IFMQ?tag=eloabder-20&linkCode=osi&th=1&psc=1"><img src="https://m.media-amazon.com/images/I/51UsWZuFq8L._SL500_.jpg" alt="Product Image"></a><p>Bostitch Office B8 PowerCrown 0.25 Inch Staples, Pack of 5,000 Staples (STCRP21151/4), Silver</p><p> -30% 0FF </p><p>$2.33</p><a href="https://www.amazon.com/dp/B00006IFMQ?tag=eloabder-20&linkCode=osi&th=1&psc=1">View Product</a></div>
<div class="product"><a href="https://www.amazon.com/dp/B000J07BRQ?tag=eloabder-20&linkCode=osi&th=1&psc=1"><img src="https://m.media-amazon.com/images/I/51QpJKjajbL._SL500_.jpg" alt="Product Image"></a><p>Scotch Heavy Duty Shipping Packing Tape, Clear, Packing Tape for Moving Boxes and Packaging Supplies, 1.88 in. x 22.2 yd., 6 Roll Dispensers, Moving Supplies</p><p> -35% 0FF </p><p>$12.99</p><a href="https://www.amazon.com/dp/B000J07BRQ?tag=eloabder-20&linkCode=osi&th=1&psc=1">View Product</a></div><div class="product"><a href="https://www.amazon.com/dp/B0000DH8HQ?tag=eloabder-20&linkCode=osi&th=1&psc=1"><img src="https://m.media-amazon.com/images/I/414lAY+087L._SL500_.jpg" alt="Product Image"></a><p>Scotch Magic Tape, Invisible Transparent Tape, 6 Tape Rolls with Dispensers, 3/4 in x 650 in</p><p> -23% 0FF </p><p>$12.34</p><a href="https://www.amazon.com/dp/B0000DH8HQ?tag=eloabder-20&linkCode=osi&th=1&psc=1">View Product</a></div><div class="product"><a href="https://www.amazon.com/dp/B0DQHV6X92?tag=eloabder-20&linkCode=osi&th=1&psc=1"><img src="https://m.media-amazon.com/images/I/51ViCFlgldL._SL500_.jpg" alt="Product Image"></a><p>BeataTap Tape, Invisible Tape, 6 Rolls + 6 Refillable Dispensers, Matte Finish, Writable, 3/4″ x 650″, Transparent Tape, Clear Tape for Gift Wrapping Paper, School Supplies</p><p> -15% 0FF </p><p>$5.94 ($0.99 / Count)</p><a href="https://www.amazon.com/dp/B0DQHV6X92?tag=eloabder-20&linkCode=osi&th=1&psc=1">View Product</a></div><div class="product"><a href="https://www.amazon.com/dp/B07CB6LN5S?tag=eloabder-20&linkCode=osi&th=1&psc=1"><img src="https://m.media-amazon.com/images/I/41NNyeISnjL._SL500_.jpg" alt="Product Image"></a><p>Scotch Super-Hold Tape, 2 Rolls, Transparent Finish, 50% More Adhesive, Trusted Favorite, 3/4 x 600 Inches, Dispensered (198DM-2)</p><p> -30% 0FF </p><p>$5.97</p><a href="https://www.amazon.com/dp/B07CB6LN5S?tag=eloabder-20&linkCode=osi&th=1&psc=1">View Product</a></div><div class="product"><a href="https://www.amazon.com/dp/B00464740A?tag=eloabder-20&linkCode=osi&th=1&psc=1"><img src="https://m.media-amazon.com/images/I/51ZPFoiGfuL._SL500_.jpg" alt="Product Image"></a><p>Scotch Sure Start Shipping Packaging Tape, 1.88" x 22.2 yd, Designed for Packing, Shipping and Mailing, Quiet Unwind, No Splitting or Tearing, 1.5" Core, Clear, 6 Dispensered Rolls (145-6)</p><p> -28% 0FF </p><p>$13.48</p><a href="https://www.amazon.com/dp/B00464740A?tag=eloabder-20&linkCode=osi&th=1&psc=1">View Product</a></div><div class="product"><a href="https://www.amazon.com/dp/B09C6LLG9P?tag=eloabder-20&linkCode=osi&th=1&psc=1"><img src="https://m.media-amazon.com/images/I/41rbv66ZNBL._SL500_.jpg" alt="Product Image"></a><p>Scotch Box Lock Packaging Tape, 1 Roll with Dispenser, 1.88 in x 1000 in, Extreme Grip, Sticks Instantly to Any Box (195L)</p><p> -31% 0FF </p><p>$4.12</p><a href="https://www.amazon.com/dp/B09C6LLG9P?tag=eloabder-20&linkCode=osi&th=1&psc=1">View Product</a></div>
<div class="product"><a href="https://www.amazon.com/dp/B08QQZ71CV?tag=eloabder-20&linkCode=osi&th=1&psc=1"><img src="https://m.media-amazon.com/images/I/51Foz0aGYoS._SL500_.jpg" alt="Product Image"></a><p>Gorilla Super Glue, Clear Glue, Four 3 Gram Tubes (Pack of 1) - All Purpose and Fast Setting for Projects and Repairs</p><p> -25% 0FF </p><p>$9.49 ($22.60 / Ounce)</p><a href="https://www.amazon.com/dp/B08QQZ71CV?tag=eloabder-20&linkCode=osi&th=1&psc=1">View Product</a></div><div class="product"><a href="https://www.amazon.com/dp/B07J6R3GK7?tag=eloabder-20&linkCode=osi&th=1&psc=1"><img src="https://m.media-amazon.com/images/I/31kdOjGBkpL._SL500_.jpg" alt="Product Image"></a><p>Amazon Basics All Purpose Washable School Clear Liquid Glue - Great for Making Slime, 128 fl oz</p><p> -6% 0FF </p><p>$16.13</p><a href="https://www.amazon.com/dp/B07J6R3GK7?tag=eloabder-20&linkCode=osi&th=1&psc=1">View Product</a></div><div class="product"><a href="https://www.amazon.com/dp/B00178QQJ8?tag=eloabder-20&linkCode=osi&th=1&psc=1"><img src="https://m.media-amazon.com/images/I/41zs6k410RL._SL500_.jpg" alt="Product Image"></a><p>Mod Podge Gloss Sealer, Glue & Finish: All-in-One Craft Solution- Quick Dry, Easy Clean, for Wood, Paper, Fabric & More. Non-Toxic - Craft with Confidence, Made in USA, 16 oz., Pack of 1</p><p> -36% 0FF </p><p>$7.99 ($0.50 / Fl Oz)</p><a href="https://www.amazon.com/dp/B00178QQJ8?tag=eloabder-20&linkCode=osi&th=1&psc=1">View Product</a></div><div class="product"><a href="https://www.amazon.com/dp/B073V14DZJ?tag=eloabder-20&linkCode=osi&th=1&psc=1"><img src="https://m.media-amazon.com/images/I/31Iyy5+vk6L._SL500_.jpg" alt="Product Image"></a><p>Amazon Basics All Purpose Washable School Craft Liquid Glue for Making Slime, White, Single Pack, 1 Gallon</p><p> -7% 0FF </p><p>$15.54</p><a href="https://www.amazon.com/dp/B073V14DZJ?tag=eloabder-20&linkCode=osi&th=1&psc=1">View Product</a></div><div class="product"><a href="https://www.amazon.com/dp/B0006HUJCQ?tag=eloabder-20&linkCode=osi&th=1&psc=1"><img src="https://m.media-amazon.com/images/I/511pTqChTCL._SL500_.jpg" alt="Product Image"></a><p>Loctite Super Glue Gel Control, Clear, 0.14 fl oz Bottle, 1 Pack - Superglue for Plastic, Wood, Metal, Crafts & Repair, Cyanoacrylate Adhesive Instant Glue, Quick Dry</p><p> -13% 0FF </p><p>$3.64 ($26.00 / Fl Oz)</p><a href="https://www.amazon.com/dp/B0006HUJCQ?tag=eloabder-20&linkCode=osi&th=1&psc=1">View Product</a></div>
<div class="product"><a href="https://www.amazon.com/dp/B074XTRX7K?tag=eloabder-20&linkCode=osi&th=1&psc=1"><img src="https://m.media-amazon.com/images/I/31rOPIrMfDL._SL500_.jpg" alt="Product Image"></a><p>Amazon Basics Sturdy Binder Clips for Office Use, 96 Count (8 Pack of 12), Medium, 1.25 in, Black</p><p> -26% 0FF </p><p>$7.48</p><a href="https://www.amazon.com/dp/B074XTRX7K?tag=eloabder-20&linkCode=osi&th=1&psc=1">View Product</a></div><div class="product"><a href="https://www.amazon.com/dp/B00TQ8FDB8?tag=eloabder-20&linkCode=osi&th=1&psc=1"><img src="https://m.media-amazon.com/images/I/51y7lUrMLnL._SL500_.jpg" alt="Product Image"></a><p>ACCO Binder Clips, Medium, Black, 12 per Box, 2 Boxes (72062)</p><p> -25% 0FF </p><p>$5.96</p><a href="https://www.amazon.com/dp/B00TQ8FDB8?tag=eloabder-20&linkCode=osi&th=1&psc=1">View Product</a></div><div class="product"><a href="https://www.amazon.com/dp/B08KWCDP3C?tag=eloabder-20&linkCode=osi&th=1&psc=1"><img src="https://m.media-amazon.com/images/I/41qucDz6HuL._SL500_.jpg" alt="Product Image"></a><p>Ufmarine Medium Binder Clips 1.25 inch Length, (40 Pcs) Colorful Paper Clips Medium for Office</p><p> -12% 0FF </p><p>$5.99</p><a href="https://www.amazon.com/dp/B08KWCDP3C?tag=eloabder-20&linkCode=osi&th=1&psc=1">View Product</a></div>
<div class="product"><a href="https://www.amazon.com/dp/B09XQLJFDD?tag=eloabder-20&linkCode=osi&th=1&psc=1"><img src="https://m.media-amazon.com/images/I/41iiSFMy4uL._SL500_.jpg" alt="Product Image"></a><p>PAPERPAL Paperclips for Office School & Personal Use, #1 Nonskid Paper Clip (1-2/7"), 600 Medium Paper Clips (6 Boxes of 100 Each), Silver</p><p> -20% 0FF </p><p>$7.99</p><a href="https://www.amazon.com/dp/B09XQLJFDD?tag=eloabder-20&linkCode=osi&th=1&psc=1">View Product</a></div>

<div class="product"><a href="https://www.amazon.com/dp/B004I2G8NO?tag=eloabder-20&linkCode=osi&th=1&psc=1"><img src="https://m.media-amazon.com/images/I/51WEsLRINGL._SL500_.jpg" alt="Product Image"></a><p>Business Source Rubber Band, Natural (1914LB)</p><p> -26% 0FF </p><p>$4.00</p><a href="https://www.amazon.com/dp/B004I2G8NO?tag=eloabder-20&linkCode=osi&th=1&psc=1">View Product</a></div><div class="product"><a href="https://www.amazon.com/dp/B077GDY1LP?tag=eloabder-20&linkCode=osi&th=1&psc=1"><img src="https://m.media-amazon.com/images/I/41nn0nmNTiL._SL500_.jpg" alt="Product Image"></a><p>ANNIE 1000 RUBBER BANDS 1/2" #BLACK</p><p> -7% 0FF </p><p>$4.90 ($1.22 / Count)</p><a href="https://www.amazon.com/dp/B077GDY1LP?tag=eloabder-20&linkCode=osi&th=1&psc=1">View Product</a></div><div class="product"><a href="https://www.amazon.com/dp/B000783OPI?tag=eloabder-20&linkCode=osi&th=1&psc=1"><img src="https://m.media-amazon.com/images/I/510okXKzMqL._SL500_.jpg" alt="Product Image"></a><p>Universal 00419 19-Size Rubber Bands (335 Per Pack), Beige</p><p> -29% 0FF </p><p>$3.44</p><a href="https://www.amazon.com/dp/B000783OPI?tag=eloabder-20&linkCode=osi&th=1&psc=1">View Product</a></div><div class="product"><a href="https://www.amazon.com/dp/B00006IBRU?tag=eloabder-20&linkCode=osi&th=1&psc=1"><img src="https://m.media-amazon.com/images/I/51pU5khkX8L._SL500_.jpg" alt="Product Image"></a><p>ALL26335 - Alliance Rubber 26335 Advantage Rubber Bands - Size #33, Natural, 1 Pound 3 x 1/8 inches</p><p> -62% 0FF </p><p>$3.29</p><a href="https://www.amazon.com/dp/B00006IBRU?tag=eloabder-20&linkCode=osi&th=1&psc=1">View Product</a></div>
<div class="product"><a href="https://www.amazon.com/dp/B0DSKTZBB6?tag=eloabder-20&linkCode=osi&th=1&psc=1"><img src="https://m.media-amazon.com/images/I/415YD3kNFlL._SL500_.jpg" alt="Product Image"></a><p>300 Count Colored Index Cards 3 x 5 Inch Ruled Index Cards, Flash Cards College Ruled for School, College, Office and Home Organization, Durable Study To Do List Note Cards with Ruled Lines</p><p> -10% 0FF </p><p>$6.29</p><a href="https://www.amazon.com/dp/B0DSKTZBB6?tag=eloabder-20&linkCode=osi&th=1&psc=1">View Product</a></div><div class="product"><a href="https://www.amazon.com/dp/B09JYQZQ3V?tag=eloabder-20&linkCode=osi&th=1&psc=1"><img src="https://m.media-amazon.com/images/I/41y5vfnutuL._SL500_.jpg" alt="Product Image"></a><p>Oxford Index Cards, 3 x 5 Inches, White, Lined on Front, Blank on Back, Flashcards for School and Studying, Recipe Note Cards, 500 Count (5 Packs of 100) (40176)</p><p> -22% 0FF </p><p>$7.01</p><a href="https://www.amazon.com/dp/B09JYQZQ3V?tag=eloabder-20&linkCode=osi&th=1&psc=1">View Product</a></div>
<div class="product"><a href="https://www.amazon.com/dp/B00P9U2EM8?tag=eloabder-20&linkCode=osi&th=1&psc=1"><img src="https://m.media-amazon.com/images/I/41Op5kyIukL._SL500_.jpg" alt="Product Image"></a><p>Mead Spiral Notebook, 6 Pack, 1 Subject, College Ruled Paper, 7-1/2" x 10-1/2", 70 Sheets per Notebook, Colors Will Vary (830062-ECM25)</p><p> -46% 0FF </p><p>$6.71</p><a href="https://www.amazon.com/dp/B00P9U2EM8?tag=eloabder-20&linkCode=osi&th=1&psc=1">View Product</a></div><div class="product"><a href="https://www.amazon.com/dp/B0CQN8FVJX?tag=eloabder-20&linkCode=osi&th=1&psc=1"><img src="https://m.media-amazon.com/images/I/414WVVoGFPL._SL500_.jpg" alt="Product Image"></a><p>SUNEE Spiral Notebooks, 1-Subject, 5 Pack, College Ruled Paper, 8" x 10-1/2", 70 Sheets per Notebook,3-Hole Punched Paper, Pink,Purple, Blue, Green, Yellow Spiral Lined Notebooks for School,Work</p><p> -29% 0FF </p><p>$9.99</p><a href="https://www.amazon.com/dp/B0CQN8FVJX?tag=eloabder-20&linkCode=osi&th=1&psc=1">View Product</a></div><div class="product"><a href="https://www.amazon.com/dp/B08NYRMWZ8?tag=eloabder-20&linkCode=osi&th=1&psc=1"><img src="https://m.media-amazon.com/images/I/41y1cnNXtOL._SL500_.jpg" alt="Product Image"></a><p>Yansanido Spiral Notebook, 4 Pcs 8.3 Inch x 5.9 Inch A5 Thick Plastic Hardcover 8mm Ruled 4 Color 80 Sheets -160 Pages Journals for Study and Notes (style 10-Wine Red,Brown,Green,ivory, A5)</p><p> -23% 0FF </p><p>$9.99</p><a href="https://www.amazon.com/dp/B08NYRMWZ8?tag=eloabder-20&linkCode=osi&th=1&psc=1">View Product</a></div><div class="product"><a href="https://www.amazon.com/dp/B08VF9VYLZ?tag=eloabder-20&linkCode=osi&th=1&psc=1"><img src="https://m.media-amazon.com/images/I/41ktUSmtHAL._SL500_.jpg" alt="Product Image"></a><p>Oxford Spiral Notebooks, 6 Pack, 1 Subject, Wide Ruled Notebooks for School, 8 x 10.5 Inches, 70 Sheets, Assorted Pastel Colors, Back to School Supplies (63757)</p><p> -6% 0FF </p><p>$8.99</p><a href="https://www.amazon.com/dp/B08VF9VYLZ?tag=eloabder-20&linkCode=osi&th=1&psc=1">View Product</a></div>
<div class="product"><a href="https://www.amazon.com/dp/B0FDRCSXZH?tag=eloabder-20&linkCode=osi&th=1&psc=1"><img src="https://m.media-amazon.com/images/I/41rYztS-0zL._SL500_.jpg" alt="Product Image"></a><p>5pcs Small Note Pads, Color Notepads 5x8 College Ruled Notebook, Writing Pads 5 x 8, Legal Pads, Memo Pad Paper Perforate Narrow Ruled Notebooks for Work, School, Office Supplies,30 Sheets/Pack</p><p> -14% 0FF </p><p>$5.99</p><a href="https://www.amazon.com/dp/B0FDRCSXZH?tag=eloabder-20&linkCode=osi&th=1&psc=1">View Product</a></div><div class="product"><a href="https://www.amazon.com/dp/B0BZQNCV62?tag=eloabder-20&linkCode=osi&th=1&psc=1"><img src="https://m.media-amazon.com/images/I/41yNqvqCwoL._SL500_.jpg" alt="Product Image"></a><p>Alitte Legal Notepads 8.5 x 11, Pack of 12 - Perforated Wide Ruled Writing Pad - Premium Thick Paper, No Ink Bleeding - Blank Legal Pads For Home, Office, School, Business - 50 Sheets Per Notebook</p><p> -17% 0FF </p><p>$24.99</p><a href="https://www.amazon.com/dp/B0BZQNCV62?tag=eloabder-20&linkCode=osi&th=1&psc=1">View Product</a></div>
<div class="product"><a href="https://www.amazon.com/dp/B0C7S1PCX4?tag=eloabder-20&linkCode=osi&th=1&psc=1"><img src="https://m.media-amazon.com/images/I/41nVRBg2klL._SL500_.jpg" alt="Product Image"></a><p>Oxford 8.5 x 11 Legal Pads, 12 Pack, Wide Ruled, Yellow Paper, 50 Sheets Per Writing Pad, Made in the USA (74020)</p><p> -30% 0FF </p><p>$12.60</p><a href="https://www.amazon.com/dp/B0C7S1PCX4?tag=eloabder-20&linkCode=osi&th=1&psc=1">View Product</a></div><div class="product"><a href="https://www.amazon.com/dp/B0CGF22134?tag=eloabder-20&linkCode=osi&th=1&psc=1"><img src="https://m.media-amazon.com/images/I/41FzLgeXAyL._SL500_.jpg" alt="Product Image"></a><p>MSKKSM Legal Pads 8.5 x 11, 3 Pack Yellow Note Pads 8.5 x 11 Writing Pads, Wide Ruled Legal Notepads, Lined Pads of Paper Yellow Paper Pads, 30 Sheets Per Notepad for School, Home, Office, Business</p><p> -17% 0FF </p><p>$9.99</p><a href="https://www.amazon.com/dp/B0CGF22134?tag=eloabder-20&linkCode=osi&th=1&psc=1">View Product</a></div><div class="product"><a href="https://www.amazon.com/dp/B0FCMWHFC2?tag=eloabder-20&linkCode=osi&th=1&psc=1"><img src="https://m.media-amazon.com/images/I/41MMVFB-S4L._SL500_.jpg" alt="Product Image"></a><p>5pcs Legal Pads 8.5 x 11, Notepads 8.5 x 11 Inch, Color Note Pads Clear Print Writing Pads of Paper, Memo Pads , Perforate Legal Notepads Paper , Wide Ruled Lined with Sturdy Back,30 Sheets/Pack</p><p> -8% 0FF </p><p>$11.99</p><a href="https://www.amazon.com/dp/B0FCMWHFC2?tag=eloabder-20&linkCode=osi&th=1&psc=1">View Product</a></div>
<div class="product"><a href="https://www.amazon.com/dp/B08H593JZG?tag=eloabder-20&linkCode=osi&th=1&psc=1"><img src="https://m.media-amazon.com/images/I/415Ykzo-lyL._SL500_.jpg" alt="Product Image"></a><p>Eastern Wolf 8 Pads Sticky Notes 3x3 Self-Stick Notes 8 Bright Multi Colors Purple Sticky Notes, 85 Sheet/Pad</p><p> -20% 0FF </p><p>$5.59</p><a href="https://www.amazon.com/dp/B08H593JZG?tag=eloabder-20&linkCode=osi&th=1&psc=1">View Product</a></div><div class="product"><a href="https://www.amazon.com/dp/B0BPJW13CM?tag=eloabder-20&linkCode=osi&th=1&psc=1"><img src="https://m.media-amazon.com/images/I/41uKwTyz1rL._SL500_.jpg" alt="Product Image"></a><p>Post-it 100% Recycled Paper Super Sticky Notes, 2X The Sticking Power, 3x3 in, 5 Pads, 70 Sheets/Pad, Wanderlust Pastels Collection (654R-5SSNRP)</p><p> -33% 0FF </p><p>$5.98</p><a href="https://www.amazon.com/dp/B0BPJW13CM?tag=eloabder-20&linkCode=osi&th=1&psc=1">View Product</a></div><div class="product"><a href="https://www.amazon.com/dp/B0D6RPPK9H?tag=eloabder-20&linkCode=osi&th=1&psc=1"><img src="https://m.media-amazon.com/images/I/41O8zZ-RN4L._SL500_.jpg" alt="Product Image"></a><p>(18 Pads) Sticky Notes 3x3 inch, Self-Stick Pads Bright Colors Sticky Note, Recyclable, Easy to Post for Home, Office, Notebook</p><p> -40% 0FF </p><p>$8.39</p><a href="https://www.amazon.com/dp/B0D6RPPK9H?tag=eloabder-20&linkCode=osi&th=1&psc=1">View Product</a></div><div class="product"><a href="https://www.amazon.com/dp/B0CMGJ6FRB?tag=eloabder-20&linkCode=osi&th=1&psc=1"><img src="https://m.media-amazon.com/images/I/41xF9DqIGZL._SL500_.jpg" alt="Product Image"></a><p>Sticky Notes, 12 Pads, 3x3 inches, Soft Pastel Self-Stick Note Pads, Perfect for Office, Study, and Daily Life Organization - Soft Pastel</p><p> -16% 0FF </p><p>$5.06</p><a href="https://www.amazon.com/dp/B0CMGJ6FRB?tag=eloabder-20&linkCode=osi&th=1&psc=1">View Product</a></div>
<div class="product"><a href="https://www.amazon.com/dp/B07VRYX57R?tag=eloabder-20&linkCode=osi&th=1&psc=1"><img src="https://m.media-amazon.com/images/I/410XbLRqukL._SL500_.jpg" alt="Product Image"></a><p>(24 Pack) Sticky Notes 3x3 in Post Bright Stickies Colorful Super Sticking Power Memo Pads, Strong Adhesive, 74 Sheets/pad</p><p> -35% 0FF </p><p>$16.99</p><a href="https://www.amazon.com/dp/B07VRYX57R?tag=eloabder-20&linkCode=osi&th=1&psc=1">View Product</a></div><div class="product"><a href="https://www.amazon.com/dp/B00QSR9PRI?tag=eloabder-20&linkCode=osi&th=1&psc=1"><img src="https://m.media-amazon.com/images/I/31n-YNlgraL._SL500_.jpg" alt="Product Image"></a><p>Amazon Basics Narrow Ruled Lined Writing Note Pad, 5 inch x 8 inch, White, 12 Count (12 Pack of 50 pages)</p><p> -6% 0FF </p><p>$8.78</p><a href="https://www.amazon.com/dp/B00QSR9PRI?tag=eloabder-20&linkCode=osi&th=1&psc=1">View Product</a></div><div class="product"><a href="https://www.amazon.com/dp/B0D5M4D3NN?tag=eloabder-20&linkCode=osi&th=1&psc=1"><img src="https://m.media-amazon.com/images/I/41uzPvHBCDL._SL500_.jpg" alt="Product Image"></a><p>(12 Pack) Lined Sticky Notes 4x6 in Ruled Stickies Super Sticking Power Memo Pads Bright Colors</p><p> -40% 0FF </p><p>$8.98</p><a href="https://www.amazon.com/dp/B0D5M4D3NN?tag=eloabder-20&linkCode=osi&th=1&psc=1">View Product</a></div><div class="product"><a href="https://www.amazon.com/dp/B0CQK3M5VK?tag=eloabder-20&linkCode=osi&th=1&psc=1"><img src="https://m.media-amazon.com/images/I/31jKEzc1qFL._SL500_.jpg" alt="Product Image"></a><p>Note Pads 4x6 Inch, 6 Pack Blank Scratch Pads, 50 Sheets Per Memo Pad for Writing, White Pad of Paper Suit for Home, Office and School, Tear off Notepad, Small Server Notebook</p><p> -10% 0FF </p><p>$6.29</p><a href="https://www.amazon.com/dp/B0CQK3M5VK?tag=eloabder-20&linkCode=osi&th=1&psc=1">View Product</a></div>
<div class="product"><a href="https://www.amazon.com/dp/B0F5D4VNBX?tag=eloabder-20&linkCode=osi&th=1&psc=1"><img src="https://m.media-amazon.com/images/I/41SnXbixNcL._SL500_.jpg" alt="Product Image"></a><p>Blue Sky 2026 Weekly and Monthly Planner Calendar, Includes January 2026 - December 2026, 5" x 8", Flexible Cover, Wirebound, Laminated Tabs, Enterprise</p><p> -10% 0FF </p><p>$8.99</p><a href="https://www.amazon.com/dp/B0F5D4VNBX?tag=eloabder-20&linkCode=osi&th=1&psc=1">View Product</a></div><div class="product"><a href="https://www.amazon.com/dp/B0FRNQDRCR?tag=eloabder-20&linkCode=osi&th=1&psc=1"><img src="https://m.media-amazon.com/images/I/51rBf1oJchL._SL500_.jpg" alt="Product Image"></a><p>Essential PRO 2026 Daily, Weekly & Monthly Planner, 7"x9": 14 Months (Nov 2025 - Dec 2026) Monthly Tabs,Daily Tracking,Notes Pages,Storage Pocket,Bookmark w Sticky Notes (Tree Seasons)</p><p> -14% 0FF </p><p>$29.95</p><a href="https://www.amazon.com/dp/B0FRNQDRCR?tag=eloabder-20&linkCode=osi&th=1&psc=1">View Product</a></div><div class="product"><a href="https://www.amazon.com/dp/B0DYBQWJ5S?tag=eloabder-20&linkCode=osi&th=1&psc=1"><img src="https://m.media-amazon.com/images/I/41UP6Ui7BjL._SL500_.jpg" alt="Product Image"></a><p>AT-A-GLANCE 2026 Appointment Book Planner, Weekly, 8" x 11", Large, Quarter-Hourly, DayMinder, Black (G5200026)</p><p> -45% 0FF </p><p>$15.87</p><a href="https://www.amazon.com/dp/B0DYBQWJ5S?tag=eloabder-20&linkCode=osi&th=1&psc=1">View Product</a></div><div class="product"><a href="https://www.amazon.com/dp/B0DJ8SXCR4?tag=eloabder-20&linkCode=osi&th=1&psc=1"><img src="https://m.media-amazon.com/images/I/41sRmmLvCsL._SL500_.jpg" alt="Product Image"></a><p>Planner 2025-2026, Weekly and Monthly Calendar Academic Planner (July 2025 - June 2026), Hardcover Teacher School Student Agenda with Tabs, Ideal for School Office Supplies, A5 (6.3" x 8.5") - Green</p><p> -25% 0FF </p><p>$8.99</p><a href="https://www.amazon.com/dp/B0DJ8SXCR4?tag=eloabder-20&linkCode=osi&th=1&psc=1">View Product</a></div><div class="product"><a href="https://www.amazon.com/dp/B0D2VW43KP?tag=eloabder-20&linkCode=osi&th=1&psc=1"><img src="https://m.media-amazon.com/images/I/41eyA1Q1U4L._SL500_.jpg" alt="Product Image"></a><p>Forvencer 2026 Planner, Hardcover Calendar Planner Weekly and Monthly, January 2026 - December 2026, 8.5" x 11", Spiral Agenda Book with Tabs, Exquisite Daily Journal with Inner Pocket, Organizer Notebook for Office Home School, A4 Size, Green</p><p> -41% 0FF </p><p>$9.99</p><a href="https://www.amazon.com/dp/B0D2VW43KP?tag=eloabder-20&linkCode=osi&th=1&psc=1">View Product</a></div>
<div class="product"><a href="https://www.amazon.com/dp/B0DYBYRY3R?tag=eloabder-20&linkCode=osi&th=1&psc=1"><img src="https://m.media-amazon.com/images/I/41oxPcKnCuL._SL500_.jpg" alt="Product Image"></a><p>AT-A-GLANCE 2026 Desk Calendar, Monthly, Desk Pad, 21-3/4" x 17", Large, Ruled Blocks (SK240026)</p><p> -19% 0FF </p><p>$11.89</p><a href="https://www.amazon.com/dp/B0DYBYRY3R?tag=eloabder-20&linkCode=osi&th=1&psc=1">View Product</a></div><div class="product"><a href="https://www.amazon.com/dp/B0DXQ416QR?tag=eloabder-20&linkCode=osi&th=1&psc=1"><img src="https://m.media-amazon.com/images/I/41o3YUjfIVL._SL500_.jpg" alt="Product Image"></a><p>Aesthetic 2025-2026 Wall Calendar - Runs from May 2025 Until December 2026 - The Perfect Modern Calendar Planner for Easy Organizing</p><p> -43% 0FF </p><p>$3.99</p><a href="https://www.amazon.com/dp/B0DXQ416QR?tag=eloabder-20&linkCode=osi&th=1&psc=1">View Product</a></div><div class="product"><a href="https://www.amazon.com/dp/B0CCRXKSK8?tag=eloabder-20&linkCode=osi&th=1&psc=1"><img src="https://m.media-amazon.com/images/I/51eOdkimr+L._SL500_.jpg" alt="Product Image"></a><p>SUNEE Wall Calendar 2025-2026 Large 22.75"x15.5", 21 Month Calendar from October 2025 to June 2027, Vertical Extra Large Monthly Calendar 2026 for Wall, Seasons Color</p><p> -24% 0FF </p><p>$15.19</p><a href="https://www.amazon.com/dp/B0CCRXKSK8?tag=eloabder-20&linkCode=osi&th=1&psc=1">View Product</a></div><div class="product"><a href="https://www.amazon.com/dp/B0F7HZ7C9G?tag=eloabder-20&linkCode=osi&th=1&psc=1"><img src="https://m.media-amazon.com/images/I/41rkKO18HGL._SL500_.jpg" alt="Product Image"></a><p>Beautiful 2025-2026 Wall Calendar - Runs from July 2025 until December 2026 – Large 14.5" x 11.5" Office Wall Calendar for Easy Organizing</p><p> -10% 0FF </p><p>$8.99</p><a href="https://www.amazon.com/dp/B0F7HZ7C9G?tag=eloabder-20&linkCode=osi&th=1&psc=1">View Product</a></div><div class="product"><a href="https://www.amazon.com/dp/B0DYDC7ZLV?tag=eloabder-20&linkCode=osi&th=1&psc=1"><img src="https://m.media-amazon.com/images/I/51MOLWJ45HL._SL500_.jpg" alt="Product Image"></a><p>XISIDO 2025-2026 Wall Calendar, Calendar 2025-2026, 18 Month Calendar July 2025 - December 2026, 14.8" X 11.5", Calendar with Twin-Wire Binding, Hanging Hook and Julian Dates (Seasonal Designs)</p><p> -20% 0FF </p><p>$7.99</p><a href="https://www.amazon.com/dp/B0DYDC7ZLV?tag=eloabder-20&linkCode=osi&th=1&psc=1">View Product</a></div><div class="product"><a href="https://www.amazon.com/dp/B0D2KCVBBD?tag=eloabder-20&linkCode=osi&th=1&psc=1"><img src="https://m.media-amazon.com/images/I/51Eg-3ZKZxL._SL500_.jpg" alt="Product Image"></a><p>XISIDO Calendar 2025-2026, 18 Months Wall Calendar July 2025 to Dec 2026 Calendar with Julian Dates, 11" X 8.5" (Colorful)</p><p> -33% 0FF </p><p>$3.99</p><a href="https://www.amazon.com/dp/B0D2KCVBBD?tag=eloabder-20&linkCode=osi&th=1&psc=1">View Product</a></div><div class="product"><a href="https://www.amazon.com/dp/B0DY7R9226?tag=eloabder-20&linkCode=osi&th=1&psc=1"><img src="https://m.media-amazon.com/images/I/41eTUjCfzFL._SL500_.jpg" alt="Product Image"></a><p>Lbylyhxc Wall Calendar 2025-2026 - Runs from July 2025 to December 2026-18 Monthly Calendar 2026. Thick Paper includes major holidays and dedicated space for notes and important dates (Colorful Calendar 2025-2026)</p><p> -50% 0FF </p><p>$2.49</p><a href="https://www.amazon.com/dp/B0DY7R9226?tag=eloabder-20&linkCode=osi&th=1&psc=1">View Product</a></div>
<div class="product"><a href="https://www.amazon.com/dp/B00NI5LVAW?tag=eloabder-20&linkCode=osi&th=1&psc=1"><img src="https://m.media-amazon.com/images/I/31X0RgqQ1ML._SL500_.jpg" alt="Product Image"></a><p>Pendaflex File Folders, Letter Size, 1/3 Cut, Manila, 250 per Box (752250)</p><p> -11% 0FF </p><p>$26.50</p><a href="https://www.amazon.com/dp/B00NI5LVAW?tag=eloabder-20&linkCode=osi&th=1&psc=1">View Product</a></div><div class="product"><a href="https://www.amazon.com/dp/B0D1YBFHS8?tag=eloabder-20&linkCode=osi&th=1&psc=1"><img src="https://m.media-amazon.com/images/I/41qkHxiS+vL._SL500_.jpg" alt="Product Image"></a><p>SUNEE File Folders, 30 Pack Manilla Folders 8.5 x 11, Colored File Folders Home Office School Supplies for Documents Files Paper, 6 Assorted Colors</p><p> -26% 0FF </p><p>$9.99</p><a href="https://www.amazon.com/dp/B0D1YBFHS8?tag=eloabder-20&linkCode=osi&th=1&psc=1">View Product</a></div><div class="product"><a href="https://www.amazon.com/dp/B000DZ9XGO?tag=eloabder-20&linkCode=osi&th=1&psc=1"><img src="https://m.media-amazon.com/images/I/31WKzTB-4WL._SL500_.jpg" alt="Product Image"></a><p>Oxford Two-Pocket Folders, Assorted Colors, Letter Size, 25 per box (57513)</p><p> -32% 0FF </p><p>$12.23</p><a href="https://www.amazon.com/dp/B000DZ9XGO?tag=eloabder-20&linkCode=osi&th=1&psc=1">View Product</a></div><div class="product"><a href="https://www.amazon.com/dp/B0F8H75MLS?tag=eloabder-20&linkCode=osi&th=1&psc=1"><img src="https://m.media-amazon.com/images/I/41GV18+8+zL._SL500_.jpg" alt="Product Image"></a><p>Plastic Folders with Pockets, 6 Pack Document Folders with Business Card Slot, 2 Pocket Folders Back to School Supplies for Kids, Office</p><p> -33% 0FF </p><p>$5.99</p><a href="https://www.amazon.com/dp/B0F8H75MLS?tag=eloabder-20&linkCode=osi&th=1&psc=1">View Product</a></div><div class="product"><a href="https://www.amazon.com/dp/B0CPDTKFVF?tag=eloabder-20&linkCode=osi&th=1&psc=1"><img src="https://m.media-amazon.com/images/I/41PQ8ToLyhL._SL500_.jpg" alt="Product Image"></a><p>Aegero Plastic Folders with Pockets (7 Pack, Assorted Colors), Durable Heavy Duty File Folders with Business Card Slot, 2-Pocket Folder for Schoolwork & Office,Letter Size…</p><p> -11% 0FF </p><p>$7.99</p><a href="https://www.amazon.com/dp/B0CPDTKFVF?tag=eloabder-20&linkCode=osi&th=1&psc=1">View Product</a></div>
<div class="product"><a href="https://www.amazon.com/dp/B0CSPT4RFH?tag=eloabder-20&linkCode=osi&th=1&psc=1"><img src="https://m.media-amazon.com/images/I/31O8kdFg7FL._SL500_.jpg" alt="Product Image"></a><p>Two Tone Color File Folders 8.5 x 11 Inch, 1/3 Cut Tab File Folders Letter Size, Assorted Colors, Blue Red Green Yellow Orange Manila File Folders, School Business Office Folders for Document -15 Pack</p><p> -13% 0FF </p><p>$6.99</p><a href="https://www.amazon.com/dp/B0CSPT4RFH?tag=eloabder-20&linkCode=osi&th=1&psc=1">View Product</a></div><div class="product"><a href="https://www.amazon.com/dp/B01MXC0YS5?tag=eloabder-20&linkCode=osi&th=1&psc=1"><img src="https://m.media-amazon.com/images/I/41YLerNwKTL._SL500_.jpg" alt="Product Image"></a><p>Pendaflex Hanging File Folders, Letter Size, Assorted Colors, 1/5-Cut Adjustable Tabs, 25 Per Box (81663)</p><p> -7% 0FF </p><p>$13.99</p><a href="https://www.amazon.com/dp/B01MXC0YS5?tag=eloabder-20&linkCode=osi&th=1&psc=1">View Product</a></div><div class="product"><a href="https://www.amazon.com/dp/B0896Q5MMC?tag=eloabder-20&linkCode=osi&th=1&psc=1"><img src="https://m.media-amazon.com/images/I/41jDOLSqtWL._SL500_.jpg" alt="Product Image"></a><p>Pendaflex Two Tone Color File Folders, Letter Size, Assorted Colors (Teal, Violet, Gray, Navy and Burgundy), 1/3-Cut Tabs, 5 Color, 100/Box, (02315)</p><p> -27% 0FF </p><p>$13.89</p><a href="https://www.amazon.com/dp/B0896Q5MMC?tag=eloabder-20&linkCode=osi&th=1&psc=1">View Product</a></div><div class="product"><a href="https://www.amazon.com/dp/B0D1YCC6KK?tag=eloabder-20&linkCode=osi&th=1&psc=1"><img src="https://m.media-amazon.com/images/I/31aHHvZVc+L._SL500_.jpg" alt="Product Image"></a><p>SUNEE File Folders, 30 Pack Manilla Folders 8.5 x 11, Colored File Folders Home Office School Supplies for Documents Files Paper,6 Pastel Colors</p><p> -26% 0FF </p><p>$9.99</p><a href="https://www.amazon.com/dp/B0D1YCC6KK?tag=eloabder-20&linkCode=osi&th=1&psc=1">View Product</a></div>
<div class="product"><a href="https://www.amazon.com/dp/B0FGXLHFDD?tag=eloabder-20&linkCode=osi&th=1&psc=1"><img src="https://m.media-amazon.com/images/I/414ng1TKsOL._SL500_.jpg" alt="Product Image"></a><p>Trandraft Plastic Extra Capacity Hanging File Folders, 5 Inch Expanding Pocket with Movable Dividers, Letter Size Black File Folders with Insertable Tabs for Filing Cabine</p><p> -5% 0FF </p><p>$18.99</p><a href="https://www.amazon.com/dp/B0FGXLHFDD?tag=eloabder-20&linkCode=osi&th=1&psc=1">View Product</a></div><div class="product"><a href="https://www.amazon.com/dp/B08QTW4GJT?tag=eloabder-20&linkCode=osi&th=1&psc=1"><img src="https://m.media-amazon.com/images/I/41OVgNttdnL._SL500_.jpg" alt="Product Image"></a><p>Pendaflex Reinforced Hanging Folders, Letter Size, Assorted Colors 1/5 Cut, Tabs and Inserts, 25 Per Box (41522AMZ)</p><p> -32% 0FF </p><p>$13.99</p><a href="https://www.amazon.com/dp/B08QTW4GJT?tag=eloabder-20&linkCode=osi&th=1&psc=1">View Product</a></div><div class="product"><a href="https://www.amazon.com/dp/B07Y67ZCJS?tag=eloabder-20&linkCode=osi&th=1&psc=1"><img src="https://m.media-amazon.com/images/I/51g37Wkw2CL._SL500_.jpg" alt="Product Image"></a><p>EASEPRES 5 Pocket Mesh Hanging Wall File Organizer, Wall Mounted Mail Paper Document Folder Holder, Clipboard Storage Organization Magazine Rack with Nametag Label for Office Home School, Black</p><p> -30% 0FF </p><p>$22.99</p><a href="https://www.amazon.com/dp/B07Y67ZCJS?tag=eloabder-20&linkCode=osi&th=1&psc=1">View Product</a></div><div class="product"><a href="https://www.amazon.com/dp/B0CGWNNBCV?tag=eloabder-20&linkCode=osi&th=1&psc=1"><img src="https://m.media-amazon.com/images/I/31SGzCfPDcL._SL500_.jpg" alt="Product Image"></a><p>SUNEE 25 Count Hanging File Folders, Pastel Colors, Hanging File Folders Letter Size, Hanging Folders with 1/5-cut Tabs, Designed for Bulky Files, Filing Cabinets, Medical Charts</p><p> -15% 0FF </p><p>$16.99</p><a href="https://www.amazon.com/dp/B0CGWNNBCV?tag=eloabder-20&linkCode=osi&th=1&psc=1">View Product</a></div><div class="product"><a href="https://www.amazon.com/dp/B00006IF4G?tag=eloabder-20&linkCode=osi&th=1&psc=1"><img src="https://m.media-amazon.com/images/I/31LuYqWSObL._SL500_.jpg" alt="Product Image"></a><p>Smead Standard Hanging File Folders, 25 Count, Assorted Primaries, 1/5-Cut Adjustable Tabs, Letter Size (64059)</p><p> -7% 0FF </p><p>$13.55</p><a href="https://www.amazon.com/dp/B00006IF4G?tag=eloabder-20&linkCode=osi&th=1&psc=1">View Product</a></div>
<div class="product"><a href="https://www.amazon.com/dp/B0C77GP9XB?tag=eloabder-20&linkCode=osi&th=1&psc=1"><img src="https://m.media-amazon.com/images/I/415Jszg3LKL._SL500_.jpg" alt="Product Image"></a><p>SKYDUE Expanding File Organizer with 8 Pockets, Accordion File Folders with Labels, Portable Document Paper Bill Receipt Organizer, Home College School Office Supplies, Letter Size, Blue</p><p> -13% 0FF </p><p>$6.98</p><a href="https://www.amazon.com/dp/B0C77GP9XB?tag=eloabder-20&linkCode=osi&th=1&psc=1">View Product</a></div><div class="product"><a href="https://www.amazon.com/dp/B0013CETUQ?tag=eloabder-20&linkCode=osi&th=1&psc=1"><img src="https://m.media-amazon.com/images/I/51GxTzd4XbL._SL500_.jpg" alt="Product Image"></a><p>Pendaflex R217DHD Heavy-Duty Expanding Open Top File, 31 Pockets, 1/3 Tab, Letter, Brown</p><p> -36% 0FF </p><p>$15.90</p><a href="https://www.amazon.com/dp/B0013CETUQ?tag=eloabder-20&linkCode=osi&th=1&psc=1">View Product</a></div><div class="product"><a href="https://www.amazon.com/dp/B000UHJCZC?tag=eloabder-20&linkCode=osi&th=1&psc=1"><img src="https://m.media-amazon.com/images/I/31bbG1gUU2L._SL500_.jpg" alt="Product Image"></a><p>Pendaflex Expanding File Pockets, Letter Size, Redrope, 3.5" Expansion, Reinforced with DuPont™ Tyvek® Material, Redrope, 25 per Box (1524E-OX)</p><p> -9% 0FF </p><p>$27.37</p><a href="https://www.amazon.com/dp/B000UHJCZC?tag=eloabder-20&linkCode=osi&th=1&psc=1">View Product</a></div><div class="product"><a href="https://www.amazon.com/dp/B000FD9YHM?tag=eloabder-20&linkCode=osi&th=1&psc=1"><img src="https://m.media-amazon.com/images/I/511Yz6zbRaL._SL500_.jpg" alt="Product Image"></a><p>Pendaflex Heavy Duty Expanding File with Extra-Thick Cover, Tyvek Reinforced Edges, 21 Pockets, A–Z Tabs, Elastic Cord Closure, Letter Size (R117ALHD),Brown</p><p> -14% 0FF </p><p>$14.99</p><a href="https://www.amazon.com/dp/B000FD9YHM?tag=eloabder-20&linkCode=osi&th=1&psc=1">View Product</a></div>
<div class="product"><a href="https://www.amazon.com/dp/B07GKPZDG4?tag=eloabder-20&linkCode=osi&th=1&psc=1"><img src="https://m.media-amazon.com/images/I/51sUuF8kU-L._SL500_.jpg" alt="Product Image"></a><p>Cardinal Economy 3 Ring Binder, 1.5 Inch, Presentation View, Black, Holds 350 Sheets, Nonstick, PVC Free, 4 Pack of Binders (79519)</p><p> -42% 0FF </p><p>$9.19</p><a href="https://www.amazon.com/dp/B07GKPZDG4?tag=eloabder-20&linkCode=osi&th=1&psc=1">View Product</a></div><div class="product"><a href="https://www.amazon.com/dp/B0BF57LL4V?tag=eloabder-20&linkCode=osi&th=1&psc=1"><img src="https://m.media-amazon.com/images/I/317fBolZ+4L._SL500_.jpg" alt="Product Image"></a><p>1-inch 3 Ring Binder with 2 Interior Pockets, 1'' Basic Binders Holds US Letter Size 8.5'' x 11'' Paper - Versatile Binders for Office, Home, and School Use, 6 Pack (White)</p><p> -15% 0FF </p><p>$24.64</p><a href="https://www.amazon.com/dp/B0BF57LL4V?tag=eloabder-20&linkCode=osi&th=1&psc=1">View Product</a></div><div class="product"><a href="https://www.amazon.com/dp/B0BXKQ7YTW?tag=eloabder-20&linkCode=osi&th=1&psc=1"><img src="https://m.media-amazon.com/images/I/416TyBdEZYL._SL500_.jpg" alt="Product Image"></a><p>SUNEE 3 Ring Binder 1 Inch 4 Pack, Clear View 1" Binders Three Ring PVC-Free (Fit 8.5x11 Inches) for School or Office Supplies, Assorted Pastel</p><p> -17% 0FF </p><p>$14.85</p><a href="https://www.amazon.com/dp/B0BXKQ7YTW?tag=eloabder-20&linkCode=osi&th=1&psc=1">View Product</a></div><div class="product"><a href="https://www.amazon.com/dp/B0D2ZF8FHZ?tag=eloabder-20&linkCode=osi&th=1&psc=1"><img src="https://m.media-amazon.com/images/I/31smaJgK7vL._SL500_.jpg" alt="Product Image"></a><p>BinderX Extra Durable 3 Ring Binder, Round Rings 1 Inch Binder, Fits 175 Sheets of 8.5x11 Paper, Customizable View Cover with Inside Pockets, Cute 1" Binders, 1 Inch Binders 3 Ring, Pink</p><p> -36% 0FF </p><p>$8.99</p><a href="https://www.amazon.com/dp/B0D2ZF8FHZ?tag=eloabder-20&linkCode=osi&th=1&psc=1">View Product</a></div><div class="product"><a href="https://www.amazon.com/dp/B001B0GJDU?tag=eloabder-20&linkCode=osi&th=1&psc=1"><img src="https://m.media-amazon.com/images/I/41vpkaYBqsL._SL500_.jpg" alt="Product Image"></a><p>Avery Heavy-Duty View 3 Ring Binder, 1" One Touch Slant Rings, Holds 8.5" x 11" Paper, 1 Black Binder (05300)</p><p> -46% 0FF </p><p>$5.89</p><a href="https://www.amazon.com/dp/B001B0GJDU?tag=eloabder-20&linkCode=osi&th=1&psc=1">View Product</a></div>
<div class="product"><a href="https://www.amazon.com/dp/B092CM3KVX?tag=eloabder-20&linkCode=osi&th=1&psc=1"><img src="https://m.media-amazon.com/images/I/51kltWaLgmL._SL500_.jpg" alt="Product Image"></a><p>Avery Write & Erase Dividers for 3 Ring Binders, 8 Tabs per Set, Multicolor Big Tabs, Pastels, Binder Dividers Great for Organizing Reports, Projects, and More (16271)</p><p> -31% 0FF </p><p>$3.90</p><a href="https://www.amazon.com/dp/B092CM3KVX?tag=eloabder-20&linkCode=osi&th=1&psc=1">View Product</a></div><div class="product"><a href="https://www.amazon.com/dp/B08WBYPVGJ?tag=eloabder-20&linkCode=osi&th=1&psc=1"><img src="https://m.media-amazon.com/images/I/31NPQ52TfAL._SL500_.jpg" alt="Product Image"></a><p>Oxford Blank Write On Binder Dividers, 1/5 Cut Tabs, 3 Hole Punch Dividers in 5 Tab Sets, 100 Dividers, 20 Sets, White (89981)</p><p> -5% 0FF </p><p>$15.19</p><a href="https://www.amazon.com/dp/B08WBYPVGJ?tag=eloabder-20&linkCode=osi&th=1&psc=1">View Product</a></div><div class="product"><a href="https://www.amazon.com/dp/B0CZL39ZHS?tag=eloabder-20&linkCode=osi&th=1&psc=1"><img src="https://m.media-amazon.com/images/I/41APO6LBeCL._SL500_.jpg" alt="Product Image"></a><p>Forvencer 8 Count Dividers with Two Pockets, 8 tabs Binder Dividers for 3 Ring Binder Organizer, Multicolor, 1 Set</p><p> -25% 0FF </p><p>$5.99</p><a href="https://www.amazon.com/dp/B0CZL39ZHS?tag=eloabder-20&linkCode=osi&th=1&psc=1">View Product</a></div><div class="product"><a href="https://www.amazon.com/dp/B01FKMCNL6?tag=eloabder-20&linkCode=osi&th=1&psc=1"><img src="https://m.media-amazon.com/images/I/510vgT9G85L._SL500_.jpg" alt="Product Image"></a><p>Avery Binder Dividers - 5-Tab Insertable Multicolor Big Tabs for Binders, 6 Sets of Dividers (11109)</p><p> -11% 0FF </p><p>$5.78</p><a href="https://www.amazon.com/dp/B01FKMCNL6?tag=eloabder-20&linkCode=osi&th=1&psc=1">View Product</a></div><div class="product"><a href="https://www.amazon.com/dp/B0CQ4YNHX8?tag=eloabder-20&linkCode=osi&th=1&psc=1"><img src="https://m.media-amazon.com/images/I/315hb+NtGGL._SL500_.jpg" alt="Product Image"></a><p>Binder Dividers for 3 Ring Binder, 1/5 Cut Tabs, Letter Size, Blank Write On Page Dividers with 5 Big Tabs for School Office Home, 4 Sets, 20 Dividers, White</p><p> -14% 0FF </p><p>$5.98</p><a href="https://www.amazon.com/dp/B0CQ4YNHX8?tag=eloabder-20&linkCode=osi&th=1&psc=1">View Product</a></div><div class="product"><a href="https://www.amazon.com/dp/B01HC4KIVW?tag=eloabder-20&linkCode=osi&th=1&psc=1"><img src="https://m.media-amazon.com/images/I/412g1OcKv-L._SL500_.jpg" alt="Product Image"></a><p>Avery Big Tab Write & Erase Durable Plastic Dividers for 3 Ring Binders, 8-Tab Set, Bright Multicolor, 1 Set (16130)</p><p> -23% 0FF </p><p>$4.33</p><a href="https://www.amazon.com/dp/B01HC4KIVW?tag=eloabder-20&linkCode=osi&th=1&psc=1">View Product</a></div><div class="product"><a href="https://www.amazon.com/dp/B0000AQOB0?tag=eloabder-20&linkCode=osi&th=1&psc=1"><img src="https://m.media-amazon.com/images/I/51ek4ZNke4L._SL500_.jpg" alt="Product Image"></a><p>Avery 12 Tab Dividers for 3 Ring Binders, Customizable Table of Contents, Multicolor Tabs, 6 Sets (11196)</p><p> -36% 0FF </p><p>$17.99</p><a href="https://www.amazon.com/dp/B0000AQOB0?tag=eloabder-20&linkCode=osi&th=1&psc=1">View Product</a></div>
<div class="product"><a href="https://www.amazon.com/dp/B07R795LTM?tag=eloabder-20&linkCode=osi&th=1&psc=1"><img src="https://m.media-amazon.com/images/I/31OAmU6E5kL._SL500_.jpg" alt="Product Image"></a><p>Amazon Basics Polypropylene (PP) Sheet Protector, Non-Glare, 200 Pack, Clear</p><p> -13% 0FF </p><p>$10.40</p><a href="https://www.amazon.com/dp/B07R795LTM?tag=eloabder-20&linkCode=osi&th=1&psc=1">View Product</a></div><div class="product"><a href="https://www.amazon.com/dp/B0D62ZBV24?tag=eloabder-20&linkCode=osi&th=1&psc=1"><img src="https://m.media-amazon.com/images/I/41n9XbYoyhL._SL500_.jpg" alt="Product Image"></a><p>Aegero 65 Pack Clear Sheet Protectors, 8.5 x 11 inch Page Protectors for 3 Ring Binder,Top Loading Paper Protector for Documents and Photos,Letter Size</p><p> -20% 0FF </p><p>$3.99</p><a href="https://www.amazon.com/dp/B0D62ZBV24?tag=eloabder-20&linkCode=osi&th=1&psc=1">View Product</a></div><div class="product"><a href="https://www.amazon.com/dp/B08CMG5MCB?tag=eloabder-20&linkCode=osi&th=1&psc=1"><img src="https://m.media-amazon.com/images/I/410BZVBSLLL._SL500_.jpg" alt="Product Image"></a><p>Sheet Protectors, PANDRI 500 Pack Clear Heavy Duty Plastic Page Protectors Sheet Reinforced 11-Hole Fit for 3 Ring Binder Fits Standard 8.5 x 11 Paper, 9.25 x 11.25 Top Loaded, Excluding Acid</p><p> -15% 0FF </p><p>$22.94</p><a href="https://www.amazon.com/dp/B08CMG5MCB?tag=eloabder-20&linkCode=osi&th=1&psc=1">View Product</a></div><div class="product"><a href="https://www.amazon.com/dp/B0DZ6J73VW?tag=eloabder-20&linkCode=osi&th=1&psc=1"><img src="https://m.media-amazon.com/images/I/41NNzcs8bsL._SL500_.jpg" alt="Product Image"></a><p>TUOKCALB 50 Pack Clear Sheet Protectors for 3 Ring Binder, Polypropylene Acid-Free Material, 8.5 x 11 Inch Letter Size, Protector of Your Documents</p><p> -18% 0FF </p><p>$3.29</p><a href="https://www.amazon.com/dp/B0DZ6J73VW?tag=eloabder-20&linkCode=osi&th=1&psc=1">View Product</a></div><div class="product"><a href="https://www.amazon.com/dp/B0D294F9GZ?tag=eloabder-20&linkCode=osi&th=1&psc=1"><img src="https://m.media-amazon.com/images/I/41szN7I4ozL._SL500_.jpg" alt="Product Image"></a><p>Sheet Protectors 8.5 x11 Inch, 100 Pack Page Protectors for 3 Ring Binder, Top Loading Plastic Sleeves with Reinforced 3-Hole Punch for Binders, Letter Size, for Documents and Photos, Office Supplies.</p><p> -23% 0FF </p><p>$9.99</p><a href="https://www.amazon.com/dp/B0D294F9GZ?tag=eloabder-20&linkCode=osi&th=1&psc=1">View Product</a></div><div class="product"><a href="https://www.amazon.com/dp/B0D59XF4D3?tag=eloabder-20&linkCode=osi&th=1&psc=1"><img src="https://m.media-amazon.com/images/I/41EpBhN87iL._SL500_.jpg" alt="Product Image"></a><p>DOSEWART 70Pack Sheet Protectors, Clear Heavy Duty Plastic Page Protectors for 3 Ring Binder, Top Loading Sheet Protectors 8.5 x 11” for Photo, Paper, Document Protector</p><p> -43% 0FF </p><p>$3.99</p><a href="https://www.amazon.com/dp/B0D59XF4D3?tag=eloabder-20&linkCode=osi&th=1&psc=1">View Product</a></div>
<div class="product"><a href="https://www.amazon.com/dp/B000T9MP5U?tag=eloabder-20&linkCode=osi&th=1&psc=1"><img src="https://m.media-amazon.com/images/I/41zOycTbMML._SL500_.jpg" alt="Product Image"></a><p>Mead #10 Security Business Envelopes Letter Size 4-1/8" x 9-1/2" – Peel and Seal, Privacy Lined, No-Window, Press-It Seal-It Self-Adhesive for Home & Office Mailing, 45 Count (75026)</p><p> -13% 0FF </p><p>$3.57</p><a href="https://www.amazon.com/dp/B000T9MP5U?tag=eloabder-20&linkCode=osi&th=1&psc=1">View Product</a></div><div class="product"><a href="https://www.amazon.com/dp/B06VVLD2GL?tag=eloabder-20&linkCode=osi&th=1&psc=1"><img src="https://m.media-amazon.com/images/I/11zBoWnx9uL._SL500_.jpg" alt="Product Image"></a><p>Amazon Basics 10 Security-Tinted Self-Seal Business Letter Envelopes, Peel & Seal Adhesive Closure, White, 500-Pack</p><p> -5% 0FF </p><p>$18.04</p><a href="https://www.amazon.com/dp/B06VVLD2GL?tag=eloabder-20&linkCode=osi&th=1&psc=1">View Product</a></div><div class="product"><a href="https://www.amazon.com/dp/B07FMDV5LR?tag=eloabder-20&linkCode=osi&th=1&psc=1"><img src="https://m.media-amazon.com/images/I/41jTu3FDgaL._SL500_.jpg" alt="Product Image"></a><p>Quality Park #6 3/4 Self-Seal Security Envelopes, Security Tint and Pattern, Redi-Strip Closure, 24-lb White Wove, 3-5/8 x 6-1/2, 100/Box (QUA10417)</p><p> -23% 0FF </p><p>$4.99</p><a href="https://www.amazon.com/dp/B07FMDV5LR?tag=eloabder-20&linkCode=osi&th=1&psc=1">View Product</a></div>
<div class="product"><a href="https://www.amazon.com/dp/B00004Z5SM?tag=eloabder-20&linkCode=osi&th=1&psc=1"><img src="https://m.media-amazon.com/images/I/41LHX+FB2PL._SL500_.jpg" alt="Product Image"></a><p>Avery Easy Peel Printable Address Labels with Sure Feed, 1" x 2-5/8" Customizable Stickers, White, 750 Blank Mailing Labels, Great for Mailing, Shipping, and More (8160)</p><p> -48% 0FF </p><p>$8.99</p><a href="https://www.amazon.com/dp/B00004Z5SM?tag=eloabder-20&linkCode=osi&th=1&psc=1">View Product</a></div><div class="product"><a href="https://www.amazon.com/dp/B089LHX8Q6?tag=eloabder-20&linkCode=osi&th=1&psc=1"><img src="https://m.media-amazon.com/images/I/41+HcHENwbL._SL500_.jpg" alt="Product Image"></a><p>KKBESTPACK Half Sheet Shipping Labels for Laser and Inkjet Printers – 2 Per Page Self Adhesive Mailing Labels – White 8.5 x 5.5 (200 Labels) (2LP)</p><p> -10% 0FF </p><p>$9.86</p><a href="https://www.amazon.com/dp/B089LHX8Q6?tag=eloabder-20&linkCode=osi&th=1&psc=1">View Product</a></div><div class="product"><a href="https://www.amazon.com/dp/B001SN8ITI?tag=eloabder-20&linkCode=osi&th=1&psc=1"><img src="https://m.media-amazon.com/images/I/51vJip236KL._SL500_.jpg" alt="Product Image"></a><p>Avery Easy Peel Printable Address Labels with Sure Feed, 1" x 2-5/8" Customizable Stickers, White, 300 Blank Mailing Labels, Great for Mailing, Shipping, and More (18160)</p><p> -38% 0FF </p><p>$5.54</p><a href="https://www.amazon.com/dp/B001SN8ITI?tag=eloabder-20&linkCode=osi&th=1&psc=1">View Product</a></div><div class="product"><a href="https://www.amazon.com/dp/B0C2P8YTW2?tag=eloabder-20&linkCode=osi&th=1&psc=1"><img src="https://m.media-amazon.com/images/I/51EeHFqmTKL._SL500_.jpg" alt="Product Image"></a><p>FungLam 1" x 2-5/8" Shipping Address Labels 900 Label Stickers Paper for Laser/Inkjet Printer 30 per Page Printable Mailing Labels (30 Sheets, 900 Labels)</p><p> -25% 0FF </p><p>$5.99</p><a href="https://www.amazon.com/dp/B0C2P8YTW2?tag=eloabder-20&linkCode=osi&th=1&psc=1">View Product</a></div>

<div class="product"><a href="https://www.amazon.com/dp/B0033J6V3A?tag=eloabder-20&linkCode=osi&th=1&psc=1"><img src="https://m.media-amazon.com/images/I/21o5ASbichL._SL500_.jpg" alt="Product Image"></a><p>NuSparc 2 Drawer Locking Filing Cabinet | Pre-Assembled Steel Construction | Space-Saving Design is Perfect for Home and Small Office | Letter-Size | Assembled in North America</p><p> -14% 0FF </p><p>$76.99</p><a href="https://www.amazon.com/dp/B0033J6V3A?tag=eloabder-20&linkCode=osi&th=1&psc=1">View Product</a></div><div class="product"><a href="https://www.amazon.com/dp/B0D9XYD75W?tag=eloabder-20&linkCode=osi&th=1&psc=1"><img src="https://m.media-amazon.com/images/I/31VM3xK++PL._SL500_.jpg" alt="Product Image"></a><p>BYNSOE 2 Drawer File Cabinet with Lock Vertical Filing Storage Cabinet Office Home Steel Vertical File Cabinets for Letter Size File Cabinet Locked,Assembly Required</p><p> -8% 0FF </p><p>$54.99</p><a href="https://www.amazon.com/dp/B0D9XYD75W?tag=eloabder-20&linkCode=osi&th=1&psc=1">View Product</a></div><div class="product"><a href="https://www.amazon.com/dp/B0989HLF81?tag=eloabder-20&linkCode=osi&th=1&psc=1"><img src="https://m.media-amazon.com/images/I/51vzgnkbcjL._SL500_.jpg" alt="Product Image"></a><p>DEVAISE 3 Drawer Mobile File Cabinet, Wood Lateral Filing Cabinet, Printer Stand with Open Shelves for Home Office, Rustic Brown</p><p> -21% 0FF </p><p>$74.99</p><a href="https://www.amazon.com/dp/B0989HLF81?tag=eloabder-20&linkCode=osi&th=1&psc=1">View Product</a></div>
<div class="product"><a href="https://www.amazon.com/dp/B00006RSQD?tag=eloabder-20&linkCode=osi&th=1&psc=1"><img src="https://m.media-amazon.com/images/I/315rez3KpeL._SL500_.jpg" alt="Product Image"></a><p>Bush Business Furniture Series C 36W Tall 5 Shelf Bookcase in Hansen Cherry, Large Storage and Display Bookshelf for Home or Professional Office</p><p> -8% 0FF </p><p>$239.49</p><a href="https://www.amazon.com/dp/B00006RSQD?tag=eloabder-20&linkCode=osi&th=1&psc=1">View Product</a></div>
<div class="product"><a href="https://www.amazon.com/dp/B09F6JPYSY?tag=eloabder-20&linkCode=osi&th=1&psc=1"><img src="https://m.media-amazon.com/images/I/51fGLH7lhHL._SL500_.jpg" alt="Product Image"></a><p>SPACELEAD Slim Storage Cart 3 Tier,Bathroom Organizer Rolling Utility,Mobile Shelving Unit Slide Out for Office, Kitchen, Laundry Room & Narrow Places,Black</p><p> -30% 0FF </p><p>$20.99</p><a href="https://www.amazon.com/dp/B09F6JPYSY?tag=eloabder-20&linkCode=osi&th=1&psc=1">View Product</a></div><div class="product"><a href="https://www.amazon.com/dp/B08KFTVGQY?tag=eloabder-20&linkCode=osi&th=1&psc=1"><img src="https://m.media-amazon.com/images/I/51BjUEmGaiL._SL500_.jpg" alt="Product Image"></a><p>SONGMICS Cube Storage Organizer, Set of 16 Plastic Cubes, Closet Organizers and Storage, Room Organization, Bedroom Living Room, 12.2 x 48.4 x 48.4 Inches, Rustic Brown ULPC442A01</p><p> -15% 0FF </p><p>$46.99</p><a href="https://www.amazon.com/dp/B08KFTVGQY?tag=eloabder-20&linkCode=osi&th=1&psc=1">View Product</a></div><div class="product"><a href="https://www.amazon.com/dp/B0DG359YX5?tag=eloabder-20&linkCode=osi&th=1&psc=1"><img src="https://m.media-amazon.com/images/I/41OBXL4HJdL._SL500_.jpg" alt="Product Image"></a><p>VIVO Clamp-on 13 inch Above or Below Desk 2-Tier Shelving Unit for Table Accessories, Gaming Devices, and More, Storage Tray, Desktop Organizer, Rustic Vintage Brown, STAND-SHELF2C-N</p><p> -20% 0FF </p><p>$39.99</p><a href="https://www.amazon.com/dp/B0DG359YX5?tag=eloabder-20&linkCode=osi&th=1&psc=1">View Product</a></div><div class="product"><a href="https://www.amazon.com/dp/B0D7S5GGP6?tag=eloabder-20&linkCode=osi&th=1&psc=1"><img src="https://m.media-amazon.com/images/I/51EriWG2BLL._SL500_.jpg" alt="Product Image"></a><p>C&AHOME Wire Cube Storage, 9 - Cube Organizer Metal C Grids, Modular Shelves Units, Closet Organizer, Ideal for Home, Office, Living Room, 36.6”L x 12.4”W x 48.4”H, Silver Gray UWCS3009G</p><p> -33% 0FF </p><p>$28.87</p><a href="https://www.amazon.com/dp/B0D7S5GGP6?tag=eloabder-20&linkCode=osi&th=1&psc=1">View Product</a></div>
<div class="product"><a href="https://www.amazon.com/dp/B0B1M6ML2J?tag=eloabder-20&linkCode=osi&th=1&psc=1"><img src="https://m.media-amazon.com/images/I/51pX2Qo38JL._SL500_.jpg" alt="Product Image"></a><p>WOWBOX 25 PCS Clear Plastic Drawer Organizer Set, 4 Sizes Desk Drawer Divider Organizers and Storage Bins for Makeup, Jewelry, Gadgets for Kitchen, Bedroom, Bathroom, Office</p><p> -35% 0FF </p><p>$16.13 ($0.65 / Count)</p><a href="https://www.amazon.com/dp/B0B1M6ML2J?tag=eloabder-20&linkCode=osi&th=1&psc=1">View Product</a></div><div class="product"><a href="https://www.amazon.com/dp/B0DB8F7GDN?tag=eloabder-20&linkCode=osi&th=1&psc=1"><img src="https://m.media-amazon.com/images/I/51iOtKHzvCL._SL500_.jpg" alt="Product Image"></a><p>OPNICE Desk Organizer and Accessories, 2-Tier Computer Monitor Stand Riser with Drawer and 2 Pen Holders, Laptop Stand, Office Desk Accessories for Office Supplies, Black</p><p> -27% 0FF </p><p>$21.99</p><a href="https://www.amazon.com/dp/B0DB8F7GDN?tag=eloabder-20&linkCode=osi&th=1&psc=1">View Product</a></div><div class="product"><a href="https://www.amazon.com/dp/B0FQ86P4M3?tag=eloabder-20&linkCode=osi&th=1&psc=1"><img src="https://m.media-amazon.com/images/I/41ZDdyGnPxL._SL500_.jpg" alt="Product Image"></a><p>Mind Reader 2-Tier Desk Organizer with Clamp, Accessory Shelf for Office or Gaming, Office, Metal, White</p><p> -5% 0FF </p><p>$37.99</p><a href="https://www.amazon.com/dp/B0FQ86P4M3?tag=eloabder-20&linkCode=osi&th=1&psc=1">View Product</a></div><div class="product"><a href="https://www.amazon.com/dp/B0BYDGF8DT?tag=eloabder-20&linkCode=osi&th=1&psc=1"><img src="https://m.media-amazon.com/images/I/51sE2GzgVNL._SL500_.jpg" alt="Product Image"></a><p>OPNICE Desk Organizer and Accessories, 4-Tier Desktop File Organizer with Drawer and 2 Pen Holders, Office Desk Accessories, Workspace Organizers for Office Supplies(Black)</p><p> -33% 0FF </p><p>$19.99</p><a href="https://www.amazon.com/dp/B0BYDGF8DT?tag=eloabder-20&linkCode=osi&th=1&psc=1">View Product</a></div><div class="product"><a href="https://www.amazon.com/dp/B0DJKSMV2T?tag=eloabder-20&linkCode=osi&th=1&psc=1"><img src="https://m.media-amazon.com/images/I/41gO3CCIg1L._SL500_.jpg" alt="Product Image"></a><p>gianotter Dual Monitor Stand Riser, Desk Organizer With Drawer and 2 Pen Holders, Computer Monitor Stand, Shelf for Top of Desk, Black</p><p> -28% 0FF </p><p>$25.99</p><a href="https://www.amazon.com/dp/B0DJKSMV2T?tag=eloabder-20&linkCode=osi&th=1&psc=1">View Product</a></div><div class="product"><a href="https://www.amazon.com/dp/B0BWTT3WK1?tag=eloabder-20&linkCode=osi&th=1&psc=1"><img src="https://m.media-amazon.com/images/I/51JTe2SjicL._SL500_.jpg" alt="Product Image"></a><p>gianotter Desk Organizers and Accessories with File Holder, 4-Tier Desk Accessories & Workspace Organizers with Drawer and 2 Pen Holder, Paper Organizer for Office Supplies (Rose Gold)</p><p> -27% 0FF </p><p>$23.99</p><a href="https://www.amazon.com/dp/B0BWTT3WK1?tag=eloabder-20&linkCode=osi&th=1&psc=1">View Product</a></div><div class="product"><a href="https://www.amazon.com/dp/B09QKDY1YY?tag=eloabder-20&linkCode=osi&th=1&psc=1"><img src="https://m.media-amazon.com/images/I/519UVM73B6L._SL500_.jpg" alt="Product Image"></a><p>Supeasy 5 Trays Paper Organizer Letter Tray with Handle-Mesh Desk File Organizer, Paper Sorter Desk Organizer for Office, Home or School</p><p> -17% 0FF </p><p>$19.99</p><a href="https://www.amazon.com/dp/B09QKDY1YY?tag=eloabder-20&linkCode=osi&th=1&psc=1">View Product</a></div><div class="product"><a href="https://www.amazon.com/dp/B08PBFKGJG?tag=eloabder-20&linkCode=osi&th=1&psc=1"><img src="https://m.media-amazon.com/images/I/61WfW0WLsqL._SL500_.jpg" alt="Product Image"></a><p>Marbrasse 6 Tier Paper Organizer Letter Tray - Mesh Desk File Organizer with Handle, Paper Sorter Organizer for Letter/A4 Office File Folder Holder - Black</p><p> -23% 0FF </p><p>$19.98</p><a href="https://www.amazon.com/dp/B08PBFKGJG?tag=eloabder-20&linkCode=osi&th=1&psc=1">View Product</a></div><div class="product"><a href="https://www.amazon.com/dp/B09K5927B5?tag=eloabder-20&linkCode=osi&th=1&psc=1"><img src="https://m.media-amazon.com/images/I/51u5tZ4jR6L._SL500_.jpg" alt="Product Image"></a><p>Marbrasse Desk Organizer with File Holder, 5-Tier Paper Letter Tray Organizer with Drawer and 2 Pen Holder, Mesh Desktop Organizer and Storage with Magazine Holder for Office Supplies(Black)</p><p> -24% 0FF </p><p>$33.99</p><a href="https://www.amazon.com/dp/B09K5927B5?tag=eloabder-20&linkCode=osi&th=1&psc=1">View Product</a></div>
<div class="product"><a href="https://www.amazon.com/dp/B0CNXF7SVS?tag=eloabder-20&linkCode=osi&th=1&psc=1"><img src="https://m.media-amazon.com/images/I/51a6EswyTZL._SL500_.jpg" alt="Product Image"></a><p>Manalete Drawer Organizers Set of 15, 4 Sizes Clear Plastic Drawer Organizers and Storage Bins for Kitchen, Bathroom, Office, Dresser Desk Drawer Organizer Tray for Jewelry, Makeup, Junk, Gadgets</p><p> -29% 0FF </p><p>$9.99</p><a href="https://www.amazon.com/dp/B0CNXF7SVS?tag=eloabder-20&linkCode=osi&th=1&psc=1">View Product</a></div><div class="product"><a href="https://www.amazon.com/dp/B0CCY5X6SS?tag=eloabder-20&linkCode=osi&th=1&psc=1"><img src="https://m.media-amazon.com/images/I/41Iye-vPXJL._SL500_.jpg" alt="Product Image"></a><p>Bamboo Drawer Organizer Set, 5 PCS Multi-Use Individual Wood Storage Organizers, Junk Drawer Divider and Storage Trays Containers for Kitchen, Bathroom, Office Desk, Makeup, Jewelry, Utensils</p><p> -20% 0FF </p><p>$19.99 ($4.00 / Count)</p><a href="https://www.amazon.com/dp/B0CCY5X6SS?tag=eloabder-20&linkCode=osi&th=1&psc=1">View Product</a></div><div class="product"><a href="https://www.amazon.com/dp/B0CCDJQ7MM?tag=eloabder-20&linkCode=osi&th=1&psc=1"><img src="https://m.media-amazon.com/images/I/51kU0WJxdsL._SL500_.jpg" alt="Product Image"></a><p>Marbrasse Expandable Desk Drawer Organizer, Mesh Drawer Organizer Tray with 10 Adjustable Compartments, Desk Organizers and Accessories, 5 Dividers Drawer for Office Supplies, Makeup & Vanity (Black)</p><p> -15% 0FF </p><p>$17.84</p><a href="https://www.amazon.com/dp/B0CCDJQ7MM?tag=eloabder-20&linkCode=osi&th=1&psc=1">View Product</a></div><div class="product"><a href="https://www.amazon.com/dp/B0DM27MBZN?tag=eloabder-20&linkCode=osi&th=1&psc=1"><img src="https://m.media-amazon.com/images/I/41hAfSMnrZL._SL500_.jpg" alt="Product Image"></a><p>ElegantArray 12 PCS Drawer Organizer Set, 4 Sizes Storage Drawer Units, Clear Plastic Makeup Vanity Organizer and Storage Bins for Makeup, Stationeries, Multiple Gadgets for Bathroom, Office, Bedroom</p><p> -31% 0FF </p><p>$8.99</p><a href="https://www.amazon.com/dp/B0DM27MBZN?tag=eloabder-20&linkCode=osi&th=1&psc=1">View Product</a></div>
<div class="product"><a href="https://www.amazon.com/dp/B0C4T42TPC?tag=eloabder-20&linkCode=osi&th=1&psc=1"><img src="https://m.media-amazon.com/images/I/318IsyAsPXL._SL500_.jpg" alt="Product Image"></a><p>Adjustable Mobile CPU Stand, Ventilated Computer Tower Stand with 4 Caster Wheels Fits Most PC Tower, Under Desk CPU Holder PC Floor Cart Computer Riser for Gamers and Students (Black)</p><p> -21% 0FF </p><p>$14.21</p><a href="https://www.amazon.com/dp/B0C4T42TPC?tag=eloabder-20&linkCode=osi&th=1&psc=1">View Product</a></div><div class="product"><a href="https://www.amazon.com/dp/B094QTGHNZ?tag=eloabder-20&linkCode=osi&th=1&psc=1"><img src="https://m.media-amazon.com/images/I/31VzBQ+jwWL._SL500_.jpg" alt="Product Image"></a><p>WALI Computer Monitor Stand for Desk, Adjustable Laptop Riser, Desk Monitor Stand Underneath Storage for Office, Home, School Supplies (STT003), 1 Pack, Black</p><p> -32% 0FF </p><p>$16.99</p><a href="https://www.amazon.com/dp/B094QTGHNZ?tag=eloabder-20&linkCode=osi&th=1&psc=1">View Product</a></div><div class="product"><a href="https://www.amazon.com/dp/B07H4DMLVH?tag=eloabder-20&linkCode=osi&th=1&psc=1"><img src="https://m.media-amazon.com/images/I/31eTfKhpSWL._SL500_.jpg" alt="Product Image"></a><p>HUANUO Monitor Stand, Monitor Stand Riser 3 Height Adjustable, Monitor Riser with Airflow Vents, Laptop Stand for Desk, Laptop Riser, Desk Organizer for Monitor, 15.6" Laptop, PC, Printer</p><p> -11% 0FF </p><p>$15.19</p><a href="https://www.amazon.com/dp/B07H4DMLVH?tag=eloabder-20&linkCode=osi&th=1&psc=1">View Product</a></div><div class="product"><a href="https://www.amazon.com/dp/B0D69W6H91?tag=eloabder-20&linkCode=osi&th=1&psc=1"><img src="https://m.media-amazon.com/images/I/51rQI+gi3lL._SL500_.jpg" alt="Product Image"></a><p>JANE EYRE Computer Tower Stand - Adjustable PC Tower Stand CPU Holder Cart with Charging Station for Office Home Classroom,23.03"-28.3" H, black</p><p> -10% 0FF </p><p>$53.99</p><a href="https://www.amazon.com/dp/B0D69W6H91?tag=eloabder-20&linkCode=osi&th=1&psc=1">View Product</a></div><div class="product"><a href="https://www.amazon.com/dp/B0C4T34L9Y?tag=eloabder-20&linkCode=osi&th=1&psc=1"><img src="https://m.media-amazon.com/images/I/51BNMGXNOEL._SL500_.jpg" alt="Product Image"></a><p>BONTEC Wooden Monitor Stand Riser, 2-Tier Desk Shelf with Storage Organizer, Ergonomic Computer Stand with Cable Management, Cellphone Holder, White, 16.5 Inch</p><p> -33% 0FF </p><p>$18.04</p><a href="https://www.amazon.com/dp/B0C4T34L9Y?tag=eloabder-20&linkCode=osi&th=1&psc=1">View Product</a></div><div class="product"><a href="https://www.amazon.com/dp/B08BRCT4JH?tag=eloabder-20&linkCode=osi&th=1&psc=1"><img src="https://m.media-amazon.com/images/I/41Ga6A+cXbL._SL500_.jpg" alt="Product Image"></a><p>BESIGN LS03 Aluminum Laptop Stand, Ergonomic Detachable Computer Stand, Notebook Riser Compatible with Air, Pro, Dell, HP, Lenovo More 10-15.6" Laptops, Silver</p><p> -25% 0FF </p><p>$14.98</p><a href="https://www.amazon.com/dp/B08BRCT4JH?tag=eloabder-20&linkCode=osi&th=1&psc=1">View Product</a></div>
<div class="product"><a href="https://www.amazon.com/dp/B07Q79ZZJ6?tag=eloabder-20&linkCode=osi&th=1&psc=1"><img src="https://m.media-amazon.com/images/I/31-LBzENQIL._SL500_.jpg" alt="Product Image"></a><p>Single LCD Computer Monitor Free-Standing Desk Stand Mount Riser for 13 inch to 32 inch screen with Swivel, Height Adjustable, Rotation, Vesa Base Stand Holds One (1) Screen up to 77Lbs(HT05B-001))</p><p> -34% 0FF </p><p>$21.99</p><a href="https://www.amazon.com/dp/B07Q79ZZJ6?tag=eloabder-20&linkCode=osi&th=1&psc=1">View Product</a></div><div class="product"><a href="https://www.amazon.com/dp/B082845XM8?tag=eloabder-20&linkCode=osi&th=1&psc=1"><img src="https://m.media-amazon.com/images/I/41uRH1B7HgL._SL500_.jpg" alt="Product Image"></a><p>Dual Monitor Stand - Vertical Stack Screen Free-Standing Monitor Riser Fits Two 13 to 34 Inch Screen with Swivel, Tilt, Height Adjustable, Holds One (1) Screen Up to 44Lbs</p><p> -5% 0FF </p><p>$31.56</p><a href="https://www.amazon.com/dp/B082845XM8?tag=eloabder-20&linkCode=osi&th=1&psc=1">View Product</a></div><div class="product"><a href="https://www.amazon.com/dp/B00X4SCCFG?tag=eloabder-20&linkCode=osi&th=1&psc=1"><img src="https://m.media-amazon.com/images/I/21X2klzUZGL._SL500_.jpg" alt="Product Image"></a><p>Amazon Basics Height Adjustable Rectangular Computer Monitor Riser Desk Stand with Storage for Reduced Neck Strain - Fits Monitors, Laptops Up to 22lbs, Black</p><p> -35% 0FF </p><p>$14.06</p><a href="https://www.amazon.com/dp/B00X4SCCFG?tag=eloabder-20&linkCode=osi&th=1&psc=1">View Product</a></div>
<div class="product"><a href="https://www.amazon.com/dp/B07HFDJCSL?tag=eloabder-20&linkCode=osi&th=1&psc=1"><img src="https://m.media-amazon.com/images/I/41DR7qY1naL._SL500_.jpg" alt="Product Image"></a><p>VIVO Large Keyboard Tray Under Desk Pull Out with Extra Sturdy C Clamp Mount System, 27 (33 Including Clamps) x 11 Inch Slide-Out Platform Computer Drawer for Typing, Black, MOUNT-KB05E</p><p> -17% 0FF </p><p>$49.99</p><a href="https://www.amazon.com/dp/B07HFDJCSL?tag=eloabder-20&linkCode=osi&th=1&psc=1">View Product</a></div><div class="product"><a href="https://www.amazon.com/dp/B082NKBM62?tag=eloabder-20&linkCode=osi&th=1&psc=1"><img src="https://m.media-amazon.com/images/I/41qQ3p9-mrL._SL500_.jpg" alt="Product Image"></a><p>HUANUO Keyboard Tray Under Desk, 360 Adjustable Ergonomic Sliding Keyboard & Mouse Tray, Under Desk Keyboard Tray Slide Out, Keyboard Holder Under Desk for Typing in Home, Office Work, 25"W x 9.84"D</p><p> -33% 0FF </p><p>$59.98</p><a href="https://www.amazon.com/dp/B082NKBM62?tag=eloabder-20&linkCode=osi&th=1&psc=1">View Product</a></div><div class="product"><a href="https://www.amazon.com/dp/B0F23GTKHL?tag=eloabder-20&linkCode=osi&th=1&psc=1"><img src="https://m.media-amazon.com/images/I/41dmHoeznDL._SL500_.jpg" alt="Product Image"></a><p>Zontera Ergonomic Mouse & Keyboard Tray Under Desk, Pull Out with Adjustable C-clamp, 20 (25.9 Including Clamps) x 11.8 Inch Slide Out Computer Keyboard Drawer Mouse Tray for Typing, Black</p><p> -7% 0FF </p><p>$25.99</p><a href="https://www.amazon.com/dp/B0F23GTKHL?tag=eloabder-20&linkCode=osi&th=1&psc=1">View Product</a></div><div class="product"><a href="https://www.amazon.com/dp/B01IIGMBVI?tag=eloabder-20&linkCode=osi&th=1&psc=1"><img src="https://m.media-amazon.com/images/I/21Vw8003F0L._SL500_.jpg" alt="Product Image"></a><p>Alera ALE Valencia Series Underdesk Keyboard/Mouse Shelf, 28w x 12d, Black</p><p> -50% 0FF </p><p>$29.22</p><a href="https://www.amazon.com/dp/B01IIGMBVI?tag=eloabder-20&linkCode=osi&th=1&psc=1">View Product</a></div>
<div class="product"><a href="https://www.amazon.com/dp/B07C3XZMC6?tag=eloabder-20&linkCode=osi&th=1&psc=1"><img src="https://m.media-amazon.com/images/I/31Eojf7glwL._SL500_.jpg" alt="Product Image"></a><p>JIKIOU 3 Pack Mouse Pad with Stitched Edge, Comfortable Mouse Pads with Non-Slip Rubber Base, Washable Mousepads Bulk with Comfortable Cloth, Mouse Pads for Computers Laptop Mouse 10.2x8.3inch Black</p><p> -29% 0FF </p><p>$7.99</p><a href="https://www.amazon.com/dp/B07C3XZMC6?tag=eloabder-20&linkCode=osi&th=1&psc=1">View Product</a></div><div class="product"><a href="https://www.amazon.com/dp/B085XRMSTT?tag=eloabder-20&linkCode=osi&th=1&psc=1"><img src="https://m.media-amazon.com/images/I/31aDSI0sFoL._SL500_.jpg" alt="Product Image"></a><p>EooCoo Ergonomic Mouse Pad with Wrist Support, Mousepad with Memory Foam Wrist Rest and Non-Slip Base for Computer, Cafe, Home & Office, 9.64 x 8.26 in Office Desk Accessories</p><p> -36% 0FF </p><p>$6.99</p><a href="https://www.amazon.com/dp/B085XRMSTT?tag=eloabder-20&linkCode=osi&th=1&psc=1">View Product</a></div>
<div class="product"><a href="https://www.amazon.com/dp/B0BRCJL4MM?tag=eloabder-20&linkCode=osi&th=1&psc=1"><img src="https://m.media-amazon.com/images/I/41sggzaNbPL._SL500_.jpg" alt="Product Image"></a><p>Led Desk Lamp for Office Home - Eye Caring Architect lamp with Clamp,Dual Screen Computer Monitor Gooseneck Smart Light: 24W 5 Color Flexible Adjustable Lighting Table Lamp for Study Drafting</p><p> -13% 0FF </p><p>$69.99</p><a href="https://www.amazon.com/dp/B0BRCJL4MM?tag=eloabder-20&linkCode=osi&th=1&psc=1">View Product</a></div><div class="product"><a href="https://www.amazon.com/dp/B0BNHNG5CY?tag=eloabder-20&linkCode=osi&th=1&psc=1"><img src="https://m.media-amazon.com/images/I/51ccmdZe2YL._SL500_.jpg" alt="Product Image"></a><p>Micomlan Led Desk Lamp with Clamp, Architect Desk Lamp for Home Office with Atmosphere Lighting, 24W Ultra Bright Auto Dimming Computer Light Stepless Dimming and Tempering LED Table Light</p><p> -27% 0FF </p><p>$49.99</p><a href="https://www.amazon.com/dp/B0BNHNG5CY?tag=eloabder-20&linkCode=osi&th=1&psc=1">View Product</a></div><div class="product"><a href="https://www.amazon.com/dp/B078W61H9P?tag=eloabder-20&linkCode=osi&th=1&psc=1"><img src="https://m.media-amazon.com/images/I/31aebwb3nqL._SL500_.jpg" alt="Product Image"></a><p>LEPOWER Metal Desk Lamp, Eye-Caring Table Lamp, Study Lamps with Flexible Goose Neck for Bedroom, Home Office (Matte Black)</p><p> -24% 0FF </p><p>$24.99</p><a href="https://www.amazon.com/dp/B078W61H9P?tag=eloabder-20&linkCode=osi&th=1&psc=1">View Product</a></div><div class="product"><a href="https://www.amazon.com/dp/B0D1DLY4H4?tag=eloabder-20&linkCode=osi&th=1&psc=1"><img src="https://m.media-amazon.com/images/I/41sKiuSIwRL._SL500_.jpg" alt="Product Image"></a><p>SKYLEO Led Desk Lamp - Desk Light for 31.5" Tall - 5 Color Modes X 11 Brightness Levels - Adjustable Swing Arm - Timmer & Memory Function - 12W Lamp for Desk - Black</p><p> -23% 0FF </p><p>$19.99</p><a href="https://www.amazon.com/dp/B0D1DLY4H4?tag=eloabder-20&linkCode=osi&th=1&psc=1">View Product</a></div><div class="product"><a href="https://www.amazon.com/dp/B0D2LGK82V?tag=eloabder-20&linkCode=osi&th=1&psc=1"><img src="https://m.media-amazon.com/images/I/41UpQ-qygDL._SL500_.jpg" alt="Product Image"></a><p>Addtam LED Desk Lamp, Power Strip with 3 Outlets 4 USB Charging Ports(2 USBC), 4 Modes 5 Level Brightness Touch Lamp, Small Desk Lamp for Home Office College Dorm Room Essentials</p><p> -23% 0FF </p><p>$16.99</p><a href="https://www.amazon.com/dp/B0D2LGK82V?tag=eloabder-20&linkCode=osi&th=1&psc=1">View Product</a></div><div class="product"><a href="https://www.amazon.com/dp/B08LMTQ7ZF?tag=eloabder-20&linkCode=osi&th=1&psc=1"><img src="https://m.media-amazon.com/images/I/21vKPX2KHML._SL500_.jpg" alt="Product Image"></a><p>Lepro LED Desk Lamp for Home Office, 9.5W 750LM Metal Touch Control Desk Light, 5 Color Modes 5 Brightness Level, Eye Caring Task Lamp For Reading, Sewing, Crafts, School Supplies, Puzzle Light, Black</p><p> -13% 0FF </p><p>$24.99</p><a href="https://www.amazon.com/dp/B08LMTQ7ZF?tag=eloabder-20&linkCode=osi&th=1&psc=1">View Product</a></div>
<div class="product"><a href="https://www.amazon.com/dp/B0D7BXNDP4?tag=eloabder-20&linkCode=osi&th=1&psc=1"><img src="https://m.media-amazon.com/images/I/41DuEunZ1+L._SL500_.jpg" alt="Product Image"></a><p>Monitor Fan with Clamp & Light Bar Desk Lamp with fan for Office mini Desk fan small quiet with lamp for PC Laptops Tablet for Home Office Portable Working Reading Stand Lamp</p><p> -5% 0FF </p><p>$15.19</p><a href="https://www.amazon.com/dp/B0D7BXNDP4?tag=eloabder-20&linkCode=osi&th=1&psc=1">View Product</a></div><div class="product"><a href="https://www.amazon.com/dp/B07K1D41DC?tag=eloabder-20&linkCode=osi&th=1&psc=1"><img src="https://m.media-amazon.com/images/I/310MAouNV-L._SL500_.jpg" alt="Product Image"></a><p>OttLite Cool Breeze LED Lamp with Bladeless Fan - 3 Speed Options & 5 Brightness Settings with Energy Efficient Natural Daylight LEDs - Desktop, Table or Nightstand Lamp for Studying or Reading</p><p> -14% 0FF </p><p>$89.98</p><a href="https://www.amazon.com/dp/B07K1D41DC?tag=eloabder-20&linkCode=osi&th=1&psc=1">View Product</a></div>
<div class="product"><a href="https://www.amazon.com/dp/B0CXSXL1F2?tag=eloabder-20&linkCode=osi&th=1&psc=1"><img src="https://m.media-amazon.com/images/I/41H6cndt7iL._SL500_.jpg" alt="Product Image"></a><p>9 Pack Lined Sticky Notes 4x6 in Post Sticky Notes with Lines, 9 Bright Colors Self Sticky Notes Pad Its, Large Ruled Sticky Note for Office, Home, 35 Sheets/Pad</p><p> -33% 0FF </p><p>$7.99</p><a href="https://www.amazon.com/dp/B0CXSXL1F2?tag=eloabder-20&linkCode=osi&th=1&psc=1">View Product</a></div><div class="product"><a href="https://www.amazon.com/dp/B019QROV9S?tag=eloabder-20&linkCode=osi&th=1&psc=1"><img src="https://m.media-amazon.com/images/I/51OsStyntzL._SL500_.jpg" alt="Product Image"></a><p>Sharpie Clear View Highlighter Sticks, Chisel Tip, Assorted Fluorescent, 8 Count - School, Home, and Office Use, Teacher Supplies</p><p> -23% 0FF </p><p>$13.86</p><a href="https://www.amazon.com/dp/B019QROV9S?tag=eloabder-20&linkCode=osi&th=1&psc=1">View Product</a></div>
<div class="product"><a href="https://www.amazon.com/dp/B082PN4X5J?tag=eloabder-20&linkCode=osi&th=1&psc=1"><img src="https://m.media-amazon.com/images/I/51o+eA8g6nL._SL500_.jpg" alt="Product Image"></a><p>Sharpie S-Gel Gel Pens, Black Barrel, Medium Point (0.7mm), Black Gel Ink Pens, 12 Count - Home, Office, School, Journaling, Writing, Note-Taking, Teacher Supplies</p><p> -14% 0FF </p><p>$11.97</p><a href="https://www.amazon.com/dp/B082PN4X5J?tag=eloabder-20&linkCode=osi&th=1&psc=1">View Product</a></div><div class="product"><a href="https://www.amazon.com/dp/B0C9W8DD9S?tag=eloabder-20&linkCode=osi&th=1&psc=1"><img src="https://m.media-amazon.com/images/I/41mdSvEwNZL._SL500_.jpg" alt="Product Image"></a><p>Ddaowanx Gel Pens, 6 Pcs 0.5mm Quick Dry Black Ink Pens Fine Point Smooth Writing Pens, Cute Office School Supplies Gifts for Women</p><p> -10% 0FF </p><p>$8.99</p><a href="https://www.amazon.com/dp/B0C9W8DD9S?tag=eloabder-20&linkCode=osi&th=1&psc=1">View Product</a></div><div class="product"><a href="https://www.amazon.com/dp/B019QBOG3U?tag=eloabder-20&linkCode=osi&th=1&psc=1"><img src="https://m.media-amazon.com/images/I/416PjSebDoL._SL500_.jpg" alt="Product Image"></a><p>Paper Mate Colorful Gel Pens - InkJoy Gel Pens Assorted Medium Point (0.7). Perfect for Vibrant Colored Writing and Sketching with Paper Mate InkJoy 14 Count</p><p> -18% 0FF </p><p>$10.31</p><a href="https://www.amazon.com/dp/B019QBOG3U?tag=eloabder-20&linkCode=osi&th=1&psc=1">View Product</a></div><div class="product"><a href="https://www.amazon.com/dp/B0C73JDN4S?tag=eloabder-20&linkCode=osi&th=1&psc=1"><img src="https://m.media-amazon.com/images/I/51DJUUxL7HL._SL500_.jpg" alt="Product Image"></a><p>Linbsunne Ballpoint Pens Black Medium Point 1mm Pen with Super Soft Grip Ball Point Pen for Men Women Retractable Pens (gold-12 pcs)</p><p> -10% 0FF </p><p>$8.99</p><a href="https://www.amazon.com/dp/B0C73JDN4S?tag=eloabder-20&linkCode=osi&th=1&psc=1">View Product</a></div><div class="product"><a href="https://www.amazon.com/dp/B001OTA66O?tag=eloabder-20&linkCode=osi&th=1&psc=1"><img src="https://m.media-amazon.com/images/I/41yS5tBZQLL._SL500_.jpg" alt="Product Image"></a><p>BIC Glide Black Retractable Ballpoint Pens, Medium Point (1.0mm), 4-Count Pack, Ultra Smooth Writing Black Pens</p><p> -40% 0FF </p><p>$2.99</p><a href="https://www.amazon.com/dp/B001OTA66O?tag=eloabder-20&linkCode=osi&th=1&psc=1">View Product</a></div>
<div class="product"><a href="https://www.amazon.com/dp/B002HVXXCW?tag=eloabder-20&linkCode=osi&th=1&psc=1"><img src="https://m.media-amazon.com/images/I/41JeEedXCeL._SL500_.jpg" alt="Product Image"></a><p>Ticonderoga Wood-Cased Pencils, Pre-Sharpened, 2 HB Soft, Yellow, 10 Count</p><p> -58% 0FF </p><p>$2.49</p><a href="https://www.amazon.com/dp/B002HVXXCW?tag=eloabder-20&linkCode=osi&th=1&psc=1">View Product</a></div><div class="product"><a href="https://www.amazon.com/dp/B077Q4B6YN?tag=eloabder-20&linkCode=osi&th=1&psc=1"><img src="https://m.media-amazon.com/images/I/4160YcHGDNL._SL500_.jpg" alt="Product Image"></a><p>Paper Mate 2017483 Mechanical Pencils for Handwriting, Triangular, 5/PK, AST</p><p> -45% 0FF </p><p>$3.47</p><a href="https://www.amazon.com/dp/B077Q4B6YN?tag=eloabder-20&linkCode=osi&th=1&psc=1">View Product</a></div>
<div class="product"><a href="https://www.amazon.com/dp/B0D7YTZNRF?tag=eloabder-20&linkCode=osi&th=1&psc=1"><img src="https://m.media-amazon.com/images/I/41hSbSlNAmL._SL500_.jpg" alt="Product Image"></a><p>YASNAY Alcohol Markers, 48 Colors Dual Tip Art Marker, Drawing Markers, Coloring Marker for Kids Sketching Adult Coloring</p><p> -27% 0FF </p><p>$10.99</p><a href="https://www.amazon.com/dp/B0D7YTZNRF?tag=eloabder-20&linkCode=osi&th=1&psc=1">View Product</a></div><div class="product"><a href="https://www.amazon.com/dp/B07CJ8QXF8?tag=eloabder-20&linkCode=osi&th=1&psc=1"><img src="https://m.media-amazon.com/images/I/51bChi4-H4L._SL500_.jpg" alt="Product Image"></a><p>Dual Markers Brush Pens, 36 Fine Point Art Marker, Double Tip Colored Pen for Adult Coloring Hand Lettering, School Classroom Art Suppliers</p><p> -20% 0FF </p><p>$7.98</p><a href="https://www.amazon.com/dp/B07CJ8QXF8?tag=eloabder-20&linkCode=osi&th=1&psc=1">View Product</a></div><div class="product"><a href="https://www.amazon.com/dp/B071CP6X88?tag=eloabder-20&linkCode=osi&th=1&psc=1"><img src="https://m.media-amazon.com/images/I/41sNeEYkTNL._SL500_.jpg" alt="Product Image"></a><p>Crayola Super Tips Marker Set for Kids (100ct), Broad Tip & Fine Point Washable Art Markers for Kids, Bulk School Supplies, Teacher Classroom Must Haves, Drawing Supplies</p><p> -19% 0FF </p><p>$16.29</p><a href="https://www.amazon.com/dp/B071CP6X88?tag=eloabder-20&linkCode=osi&th=1&psc=1">View Product</a></div><div class="product"><a href="https://www.amazon.com/dp/B08MBFPFCQ?tag=eloabder-20&linkCode=osi&th=1&psc=1"><img src="https://m.media-amazon.com/images/I/51DaGL7Z4oL._SL500_.jpg" alt="Product Image"></a><p>Sharpie Permanent Markers Variety Pack, Includes Chisel, Fine, and Ultra-Fine Tips, Marker Set, Writing, Coloring, Poster, Office, School Supplies, Black, 6 Count</p><p> -19% 0FF </p><p>$4.63 ($0.77 / Count)</p><a href="https://www.amazon.com/dp/B08MBFPFCQ?tag=eloabder-20&linkCode=osi&th=1&psc=1">View Product</a></div>
<div class="product"><a href="https://www.amazon.com/dp/B09Y2KJ2KX?tag=eloabder-20&linkCode=osi&th=1&psc=1"><img src="https://m.media-amazon.com/images/I/41EhQr7suML._SL500_.jpg" alt="Product Image"></a><p>Sharpie Pocket Highlighters, Mild Pastel Colors, Assorted, Chisel Tip, 12 Count - School, Home, and Office Use, Teacher Supplies</p><p> -22% 0FF </p><p>$7.76 ($0.65 / Count)</p><a href="https://www.amazon.com/dp/B09Y2KJ2KX?tag=eloabder-20&linkCode=osi&th=1&psc=1">View Product</a></div><div class="product"><a href="https://www.amazon.com/dp/B08698MJWT?tag=eloabder-20&linkCode=osi&th=1&psc=1"><img src="https://m.media-amazon.com/images/I/512N7aYt5oL._SL500_.jpg" alt="Product Image"></a><p>Sharpie S-Note Creative Markers, Pastel Highlighters, Art Marker Set, Assorted Colors, Chisel Tip, 24 Count - School, Home, and Office Use, Teacher Supplies</p><p> -60% 0FF </p><p>$8.83</p><a href="https://www.amazon.com/dp/B08698MJWT?tag=eloabder-20&linkCode=osi&th=1&psc=1">View Product</a></div>
<div class="product"><a href="https://www.amazon.com/dp/B097DPQPYN?tag=eloabder-20&linkCode=osi&th=1&psc=1"><img src="https://m.media-amazon.com/images/I/51nFyQPtfkL._SL500_.jpg" alt="Product Image"></a><p>Sonuimy Pencil Sharpeners, 4 Pcs Pencil Sharpeners Manual,Dual Holes Compact Colored Handheld Pencil Sharpener for Kids with Lid Adults Students School Class Home Office (Covered)</p><p> -13% 0FF </p><p>$4.49</p><a href="https://www.amazon.com/dp/B097DPQPYN?tag=eloabder-20&linkCode=osi&th=1&psc=1">View Product</a></div><div class="product"><a href="https://www.amazon.com/dp/B000MFN1G8?tag=eloabder-20&linkCode=osi&th=1&psc=1"><img src="https://m.media-amazon.com/images/I/41JPflroUEL._SL500_.jpg" alt="Product Image"></a><p>Compact Desktop Electric Pencil Sharpener, Black, Sold as 1 Each</p><p> -21% 0FF </p><p>$15.89</p><a href="https://www.amazon.com/dp/B000MFN1G8?tag=eloabder-20&linkCode=osi&th=1&psc=1">View Product</a></div><div class="product"><a href="https://www.amazon.com/dp/B00125KXGI?tag=eloabder-20&linkCode=osi&th=1&psc=1"><img src="https://m.media-amazon.com/images/I/51avY0bZv6L._SL500_.jpg" alt="Product Image"></a><p>Bostitch Office Personal Electric Pencil Sharpener, Powerful Stall-Free Motor, High Capacity Shavings Tray, Blue</p><p> -13% 0FF </p><p>$17.48</p><a href="https://www.amazon.com/dp/B00125KXGI?tag=eloabder-20&linkCode=osi&th=1&psc=1">View Product</a></div><div class="product"><a href="https://www.amazon.com/dp/B078DZY9Z5?tag=eloabder-20&linkCode=osi&th=1&psc=1"><img src="https://m.media-amazon.com/images/I/41KbUFGrXfL._SL500_.jpg" alt="Product Image"></a><p>JARLINK Electric Pencil Sharpener, Heavy-Duty Helical Blade to Fast Sharpen, Auto Stop for No.2/Colored Pencils(6-8mm), AC Adapter/Battery Operated in School Classroom/Office/Home (Black)</p><p> -21% 0FF </p><p>$16.98</p><a href="https://www.amazon.com/dp/B078DZY9Z5?tag=eloabder-20&linkCode=osi&th=1&psc=1">View Product</a></div><div class="product"><a href="https://www.amazon.com/dp/B08DLXH86D?tag=eloabder-20&linkCode=osi&th=1&psc=1"><img src="https://m.media-amazon.com/images/I/41UghsnBycL._SL500_.jpg" alt="Product Image"></a><p>Aogwat Pencil Sharpener Electric Pencil Sharpener for Kids, Blade to Fast Sharpen, Suitable for No.2/School/Classroom/Office/Home (Black)</p><p> -23% 0FF </p><p>$9.99</p><a href="https://www.amazon.com/dp/B08DLXH86D?tag=eloabder-20&linkCode=osi&th=1&psc=1">View Product</a></div><div class="product"><a href="https://www.amazon.com/dp/B000GP0VIU?tag=eloabder-20&linkCode=osi&th=1&psc=1"><img src="https://m.media-amazon.com/images/I/318OKKSwzbL._SL500_.jpg" alt="Product Image"></a><p>Bostitch Office Wall Mount Manual Pencil Sharpener, Tip Saver, 8 Hole Dial, 6X Longer Cutter Life, Vertical or Horizontal Mounting Black (MPS1-BLK)</p><p> -9% 0FF </p><p>$13.18</p><a href="https://www.amazon.com/dp/B000GP0VIU?tag=eloabder-20&linkCode=osi&th=1&psc=1">View Product</a></div>
<div class="product"><a href="https://www.amazon.com/dp/B00094H4LU?tag=eloabder-20&linkCode=osi&th=1&psc=1"><img src="https://m.media-amazon.com/images/I/41f-fbZYU1L._SL500_.jpg" alt="Product Image"></a><p>Paper Mate Erasers | Pink Pearl Large Erasers 12 Count</p><p> -55% 0FF </p><p>$6.03</p><a href="https://www.amazon.com/dp/B00094H4LU?tag=eloabder-20&linkCode=osi&th=1&psc=1">View Product</a></div><div class="product"><a href="https://www.amazon.com/dp/B07DPVVMWB?tag=eloabder-20&linkCode=osi&th=1&psc=1"><img src="https://m.media-amazon.com/images/I/51wLlsENgiL._SL500_.jpg" alt="Product Image"></a><p>Mr. Pen Erasers for Pencils, 120 Pack, Pencil Top Erasers, Eraser Caps, Cap Tops, Topper Erasers. Ereaser</p><p> -24% 0FF </p><p>$5.95</p><a href="https://www.amazon.com/dp/B07DPVVMWB?tag=eloabder-20&linkCode=osi&th=1&psc=1">View Product</a></div><div class="product"><a href="https://www.amazon.com/dp/B07144DC8V?tag=eloabder-20&linkCode=osi&th=1&psc=1"><img src="https://m.media-amazon.com/images/I/51Ed1+HW9cL._SL500_.jpg" alt="Product Image"></a><p>Pentel Hi-Polymer Block Eraser, White, 10/Box (ZEH10PC10)</p><p> -44% 0FF </p><p>$9.99</p><a href="https://www.amazon.com/dp/B07144DC8V?tag=eloabder-20&linkCode=osi&th=1&psc=1">View Product</a></div><div class="product"><a href="https://www.amazon.com/dp/B0047CT6SE?tag=eloabder-20&linkCode=osi&th=1&psc=1"><img src="https://m.media-amazon.com/images/I/41bhWXKeeiL._SL500_.jpg" alt="Product Image"></a><p>Pentel Clic Retractable Eraser with Grip, 3 Pack</p><p> -29% 0FF </p><p>$4.77</p><a href="https://www.amazon.com/dp/B0047CT6SE?tag=eloabder-20&linkCode=osi&th=1&psc=1">View Product</a></div>
<div class="product"><a href="https://www.amazon.com/dp/B09S9X3HV7?tag=eloabder-20&linkCode=osi&th=1&psc=1"><img src="https://m.media-amazon.com/images/I/51GgMyfl5VL._SL500_.jpg" alt="Product Image"></a><p>Color Transparent Ruler Plastic Rulers - Ruler 12 inch, Kids Ruler for School, Ruler with Centimeters, Millimeter and Inches, Assorted Colors, Clear Rulers, 7 Pack School Rulers</p><p> -16% 0FF </p><p>$5.99</p><a href="https://www.amazon.com/dp/B09S9X3HV7?tag=eloabder-20&linkCode=osi&th=1&psc=1">View Product</a></div><div class="product"><a href="https://www.amazon.com/dp/B06XK9VQM4?tag=eloabder-20&linkCode=osi&th=1&psc=1"><img src="https://m.media-amazon.com/images/I/51Glln3n-nL._SL500_.jpg" alt="Product Image"></a><p>Outus 12 Pack Wood Ruler Bulk for Students Wooden School Rulers Gifts Office Classroom Measuring, 2 Scale, 12 Inch and 30 cm</p><p> -6% 0FF </p><p>$7.99</p><a href="https://www.amazon.com/dp/B06XK9VQM4?tag=eloabder-20&linkCode=osi&th=1&psc=1">View Product</a></div><div class="product"><a href="https://www.amazon.com/dp/B0B5MLTG7J?tag=eloabder-20&linkCode=osi&th=1&psc=1"><img src="https://m.media-amazon.com/images/I/51z9LUxLKmL._SL500_.jpg" alt="Product Image"></a><p>DAGONGREN 30 Pack Clear Plastic Rulers 12 Inch,Transparent Assorted Color Metric Bulk Rulers with Inches and Centimeters,Kids Ruler for School,Home,Office</p><p> -9% 0FF </p><p>$9.99</p><a href="https://www.amazon.com/dp/B0B5MLTG7J?tag=eloabder-20&linkCode=osi&th=1&psc=1">View Product</a></div><div class="product"><a href="https://www.amazon.com/dp/B096MPPF53?tag=eloabder-20&linkCode=osi&th=1&psc=1"><img src="https://m.media-amazon.com/images/I/51qUpElDRcS._SL500_.jpg" alt="Product Image"></a><p>Tenare 1 Set Plastic Clear Math Set Includes Protractor Triangle Rulers 12 Inch 6 Inch Straight Geometry Math Transparent Ruler Measuring Tool for School Office Home Supplies(Clear)</p><p> -25% 0FF </p><p>$5.98</p><a href="https://www.amazon.com/dp/B096MPPF53?tag=eloabder-20&linkCode=osi&th=1&psc=1">View Product</a></div>
<div class="product"><a href="https://www.amazon.com/dp/B07YDDX4JL?tag=eloabder-20&linkCode=osi&th=1&psc=1"><img src="https://m.media-amazon.com/images/I/41oBPZwCRLL._SL500_.jpg" alt="Product Image"></a><p>3-Pack 8" Heavy Duty Scissors with Ultra Sharp Blades and Comfort Grip Handles - For Office, Home, School, Sewing, and Crafts</p><p> -15% 0FF </p><p>$8.49 ($2.83 / Count)</p><a href="https://www.amazon.com/dp/B07YDDX4JL?tag=eloabder-20&linkCode=osi&th=1&psc=1">View Product</a></div><div class="product"><a href="https://www.amazon.com/dp/B01BRGU8R0?tag=eloabder-20&linkCode=osi&th=1&psc=1"><img src="https://m.media-amazon.com/images/I/41ANVra+eNL._SL500_.jpg" alt="Product Image"></a><p>Amazon Basics Stainless Steel Scissors for Office, Crafts, Multipurpose, Sharp, Comfort Grip, PVD Coated, 3 Pack, Multicolor</p><p> -45% 0FF </p><p>$7.55</p><a href="https://www.amazon.com/dp/B01BRGU8R0?tag=eloabder-20&linkCode=osi&th=1&psc=1">View Product</a></div><div class="product"><a href="https://www.amazon.com/dp/B000P0LNRE?tag=eloabder-20&linkCode=osi&th=1&psc=1"><img src="https://m.media-amazon.com/images/I/41fWgMTO0JL._SL500_.jpg" alt="Product Image"></a><p>Westcott 8-Inch Titanium-Bonded Scissors with Adjustable Glide Feature for Office and Home - Gray/Yellow, 2-Pack</p><p> -33% 0FF </p><p>$9.97</p><a href="https://www.amazon.com/dp/B000P0LNRE?tag=eloabder-20&linkCode=osi&th=1&psc=1">View Product</a></div>
<div class="product"><a href="https://www.amazon.com/dp/B074ZRZ4CZ?tag=eloabder-20&linkCode=osi&th=1&psc=1"><img src="https://m.media-amazon.com/images/I/41bu+HKxC2L._SL500_.jpg" alt="Product Image"></a><p>Swingline Commercial Stapler, 20 Sheet Capacity, Jam Free, Metal, 2 Pack, Black (44401AZ)</p><p> -5% 0FF </p><p>$18.98</p><a href="https://www.amazon.com/dp/B074ZRZ4CZ?tag=eloabder-20&linkCode=osi&th=1&psc=1">View Product</a></div><div class="product"><a href="https://www.amazon.com/dp/B001PME62K?tag=eloabder-20&linkCode=osi&th=1&psc=1"><img src="https://m.media-amazon.com/images/I/41gbaJu-3iL._SL500_.jpg" alt="Product Image"></a><p>Swingline Stapler, 40 Sheet Capacity, Optima 40, Jam Free, Reduced Effort, Soft Grip, Metal, Orange and Gray (87845)</p><p> -14% 0FF </p><p>$24.19</p><a href="https://www.amazon.com/dp/B001PME62K?tag=eloabder-20&linkCode=osi&th=1&psc=1">View Product</a></div><div class="product"><a href="https://www.amazon.com/dp/B0D2JBKYM1?tag=eloabder-20&linkCode=osi&th=1&psc=1"><img src="https://m.media-amazon.com/images/I/41zFTU9QpfL._SL500_.jpg" alt="Product Image"></a><p>Bostitch Office Stapler, No-Jam Premium for Desktop, Includes 1,250 Staples, Full-Strip, 25 Sheet Capacity, Black</p><p> -26% 0FF </p><p>$6.99</p><a href="https://www.amazon.com/dp/B0D2JBKYM1?tag=eloabder-20&linkCode=osi&th=1&psc=1">View Product</a></div><div class="product"><a href="https://www.amazon.com/dp/B0CC5GJKM1?tag=eloabder-20&linkCode=osi&th=1&psc=1"><img src="https://m.media-amazon.com/images/I/41JDDoSZQiL._SL500_.jpg" alt="Product Image"></a><p>Metal Stapler Heavy Duty 50 Sheet Capacity with 1750 Staples and Staple Remover, Full Strip Staplers for Desk, No Jam, Non-Slip for Office & Classroom, Black</p><p> -33% 0FF </p><p>$13.29</p><a href="https://www.amazon.com/dp/B0CC5GJKM1?tag=eloabder-20&linkCode=osi&th=1&psc=1">View Product</a></div><div class="product"><a href="https://www.amazon.com/dp/B0006HUQZ6?tag=eloabder-20&linkCode=osi&th=1&psc=1"><img src="https://m.media-amazon.com/images/I/31e-T-f1TGL._SL500_.jpg" alt="Product Image"></a><p>Swingline Stapler, 30 Sheet Capacity, 747 Business Stapler, Jam Free, Metal, Rio Red (74736)</p><p> -23% 0FF </p><p>$15.30</p><a href="https://www.amazon.com/dp/B0006HUQZ6?tag=eloabder-20&linkCode=osi&th=1&psc=1">View Product</a></div>
<div class="product"><a href="https://www.amazon.com/dp/B00J8PJJF0?tag=eloabder-20&linkCode=osi&th=1&psc=1"><img src="https://m.media-amazon.com/images/I/418dc+5ZGkL._SL500_.jpg" alt="Product Image"></a><p>Bostitch Office Premium Standard Staples, 1/4" Full Strip, Box of 5,000 Staples</p><p> -27% 0FF </p><p>$4.39</p><a href="https://www.amazon.com/dp/B00J8PJJF0?tag=eloabder-20&linkCode=osi&th=1&psc=1">View Product</a></div><div class="product"><a href="https://www.amazon.com/dp/B079VYR12V?tag=eloabder-20&linkCode=osi&th=1&psc=1"><img src="https://m.media-amazon.com/images/I/51xAt88vqrL._SL500_.jpg" alt="Product Image"></a><p>Officemate Standard Staples, 10 Boxes General Purpose Staple (91950)</p><p> -10% 0FF </p><p>$14.37</p><a href="https://www.amazon.com/dp/B079VYR12V?tag=eloabder-20&linkCode=osi&th=1&psc=1">View Product</a></div><div class="product"><a href="https://www.amazon.com/dp/B00006IFMQ?tag=eloabder-20&linkCode=osi&th=1&psc=1"><img src="https://m.media-amazon.com/images/I/51UsWZuFq8L._SL500_.jpg" alt="Product Image"></a><p>Bostitch Office B8 PowerCrown 0.25 Inch Staples, Pack of 5,000 Staples (STCRP21151/4), Silver</p><p> -30% 0FF </p><p>$2.33</p><a href="https://www.amazon.com/dp/B00006IFMQ?tag=eloabder-20&linkCode=osi&th=1&psc=1">View Product</a></div>
<div class="product"><a href="https://www.amazon.com/dp/B000J07BRQ?tag=eloabder-20&linkCode=osi&th=1&psc=1"><img src="https://m.media-amazon.com/images/I/51QpJKjajbL._SL500_.jpg" alt="Product Image"></a><p>Scotch Heavy Duty Shipping Packing Tape, Clear, Packing Tape for Moving Boxes and Packaging Supplies, 1.88 in. x 22.2 yd., 6 Roll Dispensers, Moving Supplies</p><p> -35% 0FF </p><p>$12.99</p><a href="https://www.amazon.com/dp/B000J07BRQ?tag=eloabder-20&linkCode=osi&th=1&psc=1">View Product</a></div><div class="product"><a href="https://www.amazon.com/dp/B0000DH8HQ?tag=eloabder-20&linkCode=osi&th=1&psc=1"><img src="https://m.media-amazon.com/images/I/414lAY+087L._SL500_.jpg" alt="Product Image"></a><p>Scotch Magic Tape, Invisible Transparent Tape, 6 Tape Rolls with Dispensers, 3/4 in x 650 in</p><p> -23% 0FF </p><p>$12.34</p><a href="https://www.amazon.com/dp/B0000DH8HQ?tag=eloabder-20&linkCode=osi&th=1&psc=1">View Product</a></div><div class="product"><a href="https://www.amazon.com/dp/B0DQHV6X92?tag=eloabder-20&linkCode=osi&th=1&psc=1"><img src="https://m.media-amazon.com/images/I/51ViCFlgldL._SL500_.jpg" alt="Product Image"></a><p>BeataTap Tape, Invisible Tape, 6 Rolls + 6 Refillable Dispensers, Matte Finish, Writable, 3/4″ x 650″, Transparent Tape, Clear Tape for Gift Wrapping Paper, School Supplies</p><p> -15% 0FF </p><p>$5.94 ($0.99 / Count)</p><a href="https://www.amazon.com/dp/B0DQHV6X92?tag=eloabder-20&linkCode=osi&th=1&psc=1">View Product</a></div><div class="product"><a href="https://www.amazon.com/dp/B07CB6LN5S?tag=eloabder-20&linkCode=osi&th=1&psc=1"><img src="https://m.media-amazon.com/images/I/41NNyeISnjL._SL500_.jpg" alt="Product Image"></a><p>Scotch Super-Hold Tape, 2 Rolls, Transparent Finish, 50% More Adhesive, Trusted Favorite, 3/4 x 600 Inches, Dispensered (198DM-2)</p><p> -30% 0FF </p><p>$5.97</p><a href="https://www.amazon.com/dp/B07CB6LN5S?tag=eloabder-20&linkCode=osi&th=1&psc=1">View Product</a></div><div class="product"><a href="https://www.amazon.com/dp/B00464740A?tag=eloabder-20&linkCode=osi&th=1&psc=1"><img src="https://m.media-amazon.com/images/I/51ZPFoiGfuL._SL500_.jpg" alt="Product Image"></a><p>Scotch Sure Start Shipping Packaging Tape, 1.88" x 22.2 yd, Designed for Packing, Shipping and Mailing, Quiet Unwind, No Splitting or Tearing, 1.5" Core, Clear, 6 Dispensered Rolls (145-6)</p><p> -28% 0FF </p><p>$13.48</p><a href="https://www.amazon.com/dp/B00464740A?tag=eloabder-20&linkCode=osi&th=1&psc=1">View Product</a></div><div class="product"><a href="https://www.amazon.com/dp/B09C6LLG9P?tag=eloabder-20&linkCode=osi&th=1&psc=1"><img src="https://m.media-amazon.com/images/I/41rbv66ZNBL._SL500_.jpg" alt="Product Image"></a><p>Scotch Box Lock Packaging Tape, 1 Roll with Dispenser, 1.88 in x 1000 in, Extreme Grip, Sticks Instantly to Any Box (195L)</p><p> -31% 0FF </p><p>$4.12</p><a href="https://www.amazon.com/dp/B09C6LLG9P?tag=eloabder-20&linkCode=osi&th=1&psc=1">View Product</a></div>
<div class="product"><a href="https://www.amazon.com/dp/B08QQZ71CV?tag=eloabder-20&linkCode=osi&th=1&psc=1"><img src="https://m.media-amazon.com/images/I/51Foz0aGYoS._SL500_.jpg" alt="Product Image"></a><p>Gorilla Super Glue, Clear Glue, Four 3 Gram Tubes (Pack of 1) - All Purpose and Fast Setting for Projects and Repairs</p><p> -25% 0FF </p><p>$9.49 ($22.60 / Ounce)</p><a href="https://www.amazon.com/dp/B08QQZ71CV?tag=eloabder-20&linkCode=osi&th=1&psc=1">View Product</a></div><div class="product"><a href="https://www.amazon.com/dp/B07J6R3GK7?tag=eloabder-20&linkCode=osi&th=1&psc=1"><img src="https://m.media-amazon.com/images/I/31kdOjGBkpL._SL500_.jpg" alt="Product Image"></a><p>Amazon Basics All Purpose Washable School Clear Liquid Glue - Great for Making Slime, 128 fl oz</p><p> -6% 0FF </p><p>$16.13</p><a href="https://www.amazon.com/dp/B07J6R3GK7?tag=eloabder-20&linkCode=osi&th=1&psc=1">View Product</a></div><div class="product"><a href="https://www.amazon.com/dp/B00178QQJ8?tag=eloabder-20&linkCode=osi&th=1&psc=1"><img src="https://m.media-amazon.com/images/I/41zs6k410RL._SL500_.jpg" alt="Product Image"></a><p>Mod Podge Gloss Sealer, Glue & Finish: All-in-One Craft Solution- Quick Dry, Easy Clean, for Wood, Paper, Fabric & More. Non-Toxic - Craft with Confidence, Made in USA, 16 oz., Pack of 1</p><p> -36% 0FF </p><p>$7.99 ($0.50 / Fl Oz)</p><a href="https://www.amazon.com/dp/B00178QQJ8?tag=eloabder-20&linkCode=osi&th=1&psc=1">View Product</a></div><div class="product"><a href="https://www.amazon.com/dp/B073V14DZJ?tag=eloabder-20&linkCode=osi&th=1&psc=1"><img src="https://m.media-amazon.com/images/I/31Iyy5+vk6L._SL500_.jpg" alt="Product Image"></a><p>Amazon Basics All Purpose Washable School Craft Liquid Glue for Making Slime, White, Single Pack, 1 Gallon</p><p> -7% 0FF </p><p>$15.54</p><a href="https://www.amazon.com/dp/B073V14DZJ?tag=eloabder-20&linkCode=osi&th=1&psc=1">View Product</a></div><div class="product"><a href="https://www.amazon.com/dp/B0006HUJCQ?tag=eloabder-20&linkCode=osi&th=1&psc=1"><img src="https://m.media-amazon.com/images/I/511pTqChTCL._SL500_.jpg" alt="Product Image"></a><p>Loctite Super Glue Gel Control, Clear, 0.14 fl oz Bottle, 1 Pack - Superglue for Plastic, Wood, Metal, Crafts & Repair, Cyanoacrylate Adhesive Instant Glue, Quick Dry</p><p> -13% 0FF </p><p>$3.64 ($26.00 / Fl Oz)</p><a href="https://www.amazon.com/dp/B0006HUJCQ?tag=eloabder-20&linkCode=osi&th=1&psc=1">View Product</a></div>
<div class="product"><a href="https://www.amazon.com/dp/B074XTRX7K?tag=eloabder-20&linkCode=osi&th=1&psc=1"><img src="https://m.media-amazon.com/images/I/31rOPIrMfDL._SL500_.jpg" alt="Product Image"></a><p>Amazon Basics Sturdy Binder Clips for Office Use, 96 Count (8 Pack of 12), Medium, 1.25 in, Black</p><p> -26% 0FF </p><p>$7.48</p><a href="https://www.amazon.com/dp/B074XTRX7K?tag=eloabder-20&linkCode=osi&th=1&psc=1">View Product</a></div><div class="product"><a href="https://www.amazon.com/dp/B00TQ8FDB8?tag=eloabder-20&linkCode=osi&th=1&psc=1"><img src="https://m.media-amazon.com/images/I/51y7lUrMLnL._SL500_.jpg" alt="Product Image"></a><p>ACCO Binder Clips, Medium, Black, 12 per Box, 2 Boxes (72062)</p><p> -25% 0FF </p><p>$5.96</p><a href="https://www.amazon.com/dp/B00TQ8FDB8?tag=eloabder-20&linkCode=osi&th=1&psc=1">View Product</a></div><div class="product"><a href="https://www.amazon.com/dp/B08KWCDP3C?tag=eloabder-20&linkCode=osi&th=1&psc=1"><img src="https://m.media-amazon.com/images/I/41qucDz6HuL._SL500_.jpg" alt="Product Image"></a><p>Ufmarine Medium Binder Clips 1.25 inch Length, (40 Pcs) Colorful Paper Clips Medium for Office</p><p> -12% 0FF </p><p>$5.99</p><a href="https://www.amazon.com/dp/B08KWCDP3C?tag=eloabder-20&linkCode=osi&th=1&psc=1">View Product</a></div>
<div class="product"><a href="https://www.amazon.com/dp/B09XQLJFDD?tag=eloabder-20&linkCode=osi&th=1&psc=1"><img src="https://m.media-amazon.com/images/I/41iiSFMy4uL._SL500_.jpg" alt="Product Image"></a><p>PAPERPAL Paperclips for Office School & Personal Use, #1 Nonskid Paper Clip (1-2/7"), 600 Medium Paper Clips (6 Boxes of 100 Each), Silver</p><p> -20% 0FF </p><p>$7.99</p><a href="https://www.amazon.com/dp/B09XQLJFDD?tag=eloabder-20&linkCode=osi&th=1&psc=1">View Product</a></div>

<div class="product"><a href="https://www.amazon.com/dp/B004I2G8NO?tag=eloabder-20&linkCode=osi&th=1&psc=1"><img src="https://m.media-amazon.com/images/I/51WEsLRINGL._SL500_.jpg" alt="Product Image"></a><p>Business Source Rubber Band, Natural (1914LB)</p><p> -26% 0FF </p><p>$4.00</p><a href="https://www.amazon.com/dp/B004I2G8NO?tag=eloabder-20&linkCode=osi&th=1&psc=1">View Product</a></div><div class="product"><a href="https://www.amazon.com/dp/B077GDY1LP?tag=eloabder-20&linkCode=osi&th=1&psc=1"><img src="https://m.media-amazon.com/images/I/41nn0nmNTiL._SL500_.jpg" alt="Product Image"></a><p>ANNIE 1000 RUBBER BANDS 1/2" #BLACK</p><p> -7% 0FF </p><p>$4.90 ($1.22 / Count)</p><a href="https://www.amazon.com/dp/B077GDY1LP?tag=eloabder-20&linkCode=osi&th=1&psc=1">View Product</a></div><div class="product"><a href="https://www.amazon.com/dp/B000783OPI?tag=eloabder-20&linkCode=osi&th=1&psc=1"><img src="https://m.media-amazon.com/images/I/510okXKzMqL._SL500_.jpg" alt="Product Image"></a><p>Universal 00419 19-Size Rubber Bands (335 Per Pack), Beige</p><p> -29% 0FF </p><p>$3.44</p><a href="https://www.amazon.com/dp/B000783OPI?tag=eloabder-20&linkCode=osi&th=1&psc=1">View Product</a></div><div class="product"><a href="https://www.amazon.com/dp/B00006IBRU?tag=eloabder-20&linkCode=osi&th=1&psc=1"><img src="https://m.media-amazon.com/images/I/51pU5khkX8L._SL500_.jpg" alt="Product Image"></a><p>ALL26335 - Alliance Rubber 26335 Advantage Rubber Bands - Size #33, Natural, 1 Pound 3 x 1/8 inches</p><p> -62% 0FF </p><p>$3.29</p><a href="https://www.amazon.com/dp/B00006IBRU?tag=eloabder-20&linkCode=osi&th=1&psc=1">View Product</a></div>
<div class="product"><a href="https://www.amazon.com/dp/B0DSKTZBB6?tag=eloabder-20&linkCode=osi&th=1&psc=1"><img src="https://m.media-amazon.com/images/I/415YD3kNFlL._SL500_.jpg" alt="Product Image"></a><p>300 Count Colored Index Cards 3 x 5 Inch Ruled Index Cards, Flash Cards College Ruled for School, College, Office and Home Organization, Durable Study To Do List Note Cards with Ruled Lines</p><p> -10% 0FF </p><p>$6.29</p><a href="https://www.amazon.com/dp/B0DSKTZBB6?tag=eloabder-20&linkCode=osi&th=1&psc=1">View Product</a></div><div class="product"><a href="https://www.amazon.com/dp/B09JYQZQ3V?tag=eloabder-20&linkCode=osi&th=1&psc=1"><img src="https://m.media-amazon.com/images/I/41y5vfnutuL._SL500_.jpg" alt="Product Image"></a><p>Oxford Index Cards, 3 x 5 Inches, White, Lined on Front, Blank on Back, Flashcards for School and Studying, Recipe Note Cards, 500 Count (5 Packs of 100) (40176)</p><p> -22% 0FF </p><p>$7.01</p><a href="https://www.amazon.com/dp/B09JYQZQ3V?tag=eloabder-20&linkCode=osi&th=1&psc=1">View Product</a></div>
<div class="product"><a href="https://www.amazon.com/dp/B00P9U2EM8?tag=eloabder-20&linkCode=osi&th=1&psc=1"><img src="https://m.media-amazon.com/images/I/41Op5kyIukL._SL500_.jpg" alt="Product Image"></a><p>Mead Spiral Notebook, 6 Pack, 1 Subject, College Ruled Paper, 7-1/2" x 10-1/2", 70 Sheets per Notebook, Colors Will Vary (830062-ECM25)</p><p> -46% 0FF </p><p>$6.71</p><a href="https://www.amazon.com/dp/B00P9U2EM8?tag=eloabder-20&linkCode=osi&th=1&psc=1">View Product</a></div><div class="product"><a href="https://www.amazon.com/dp/B0CQN8FVJX?tag=eloabder-20&linkCode=osi&th=1&psc=1"><img src="https://m.media-amazon.com/images/I/414WVVoGFPL._SL500_.jpg" alt="Product Image"></a><p>SUNEE Spiral Notebooks, 1-Subject, 5 Pack, College Ruled Paper, 8" x 10-1/2", 70 Sheets per Notebook,3-Hole Punched Paper, Pink,Purple, Blue, Green, Yellow Spiral Lined Notebooks for School,Work</p><p> -29% 0FF </p><p>$9.99</p><a href="https://www.amazon.com/dp/B0CQN8FVJX?tag=eloabder-20&linkCode=osi&th=1&psc=1">View Product</a></div><div class="product"><a href="https://www.amazon.com/dp/B08NYRMWZ8?tag=eloabder-20&linkCode=osi&th=1&psc=1"><img src="https://m.media-amazon.com/images/I/41y1cnNXtOL._SL500_.jpg" alt="Product Image"></a><p>Yansanido Spiral Notebook, 4 Pcs 8.3 Inch x 5.9 Inch A5 Thick Plastic Hardcover 8mm Ruled 4 Color 80 Sheets -160 Pages Journals for Study and Notes (style 10-Wine Red,Brown,Green,ivory, A5)</p><p> -23% 0FF </p><p>$9.99</p><a href="https://www.amazon.com/dp/B08NYRMWZ8?tag=eloabder-20&linkCode=osi&th=1&psc=1">View Product</a></div><div class="product"><a href="https://www.amazon.com/dp/B08VF9VYLZ?tag=eloabder-20&linkCode=osi&th=1&psc=1"><img src="https://m.media-amazon.com/images/I/41ktUSmtHAL._SL500_.jpg" alt="Product Image"></a><p>Oxford Spiral Notebooks, 6 Pack, 1 Subject, Wide Ruled Notebooks for School, 8 x 10.5 Inches, 70 Sheets, Assorted Pastel Colors, Back to School Supplies (63757)</p><p> -6% 0FF </p><p>$8.99</p><a href="https://www.amazon.com/dp/B08VF9VYLZ?tag=eloabder-20&linkCode=osi&th=1&psc=1">View Product</a></div>
<div class="product"><a href="https://www.amazon.com/dp/B0FDRCSXZH?tag=eloabder-20&linkCode=osi&th=1&psc=1"><img src="https://m.media-amazon.com/images/I/41rYztS-0zL._SL500_.jpg" alt="Product Image"></a><p>5pcs Small Note Pads, Color Notepads 5x8 College Ruled Notebook, Writing Pads 5 x 8, Legal Pads, Memo Pad Paper Perforate Narrow Ruled Notebooks for Work, School, Office Supplies,30 Sheets/Pack</p><p> -14% 0FF </p><p>$5.99</p><a href="https://www.amazon.com/dp/B0FDRCSXZH?tag=eloabder-20&linkCode=osi&th=1&psc=1">View Product</a></div><div class="product"><a href="https://www.amazon.com/dp/B0BZQNCV62?tag=eloabder-20&linkCode=osi&th=1&psc=1"><img src="https://m.media-amazon.com/images/I/41yNqvqCwoL._SL500_.jpg" alt="Product Image"></a><p>Alitte Legal Notepads 8.5 x 11, Pack of 12 - Perforated Wide Ruled Writing Pad - Premium Thick Paper, No Ink Bleeding - Blank Legal Pads For Home, Office, School, Business - 50 Sheets Per Notebook</p><p> -17% 0FF </p><p>$24.99</p><a href="https://www.amazon.com/dp/B0BZQNCV62?tag=eloabder-20&linkCode=osi&th=1&psc=1">View Product</a></div>
<div class="product"><a href="https://www.amazon.com/dp/B0C7S1PCX4?tag=eloabder-20&linkCode=osi&th=1&psc=1"><img src="https://m.media-amazon.com/images/I/41nVRBg2klL._SL500_.jpg" alt="Product Image"></a><p>Oxford 8.5 x 11 Legal Pads, 12 Pack, Wide Ruled, Yellow Paper, 50 Sheets Per Writing Pad, Made in the USA (74020)</p><p> -30% 0FF </p><p>$12.60</p><a href="https://www.amazon.com/dp/B0C7S1PCX4?tag=eloabder-20&linkCode=osi&th=1&psc=1">View Product</a></div><div class="product"><a href="https://www.amazon.com/dp/B0CGF22134?tag=eloabder-20&linkCode=osi&th=1&psc=1"><img src="https://m.media-amazon.com/images/I/41FzLgeXAyL._SL500_.jpg" alt="Product Image"></a><p>MSKKSM Legal Pads 8.5 x 11, 3 Pack Yellow Note Pads 8.5 x 11 Writing Pads, Wide Ruled Legal Notepads, Lined Pads of Paper Yellow Paper Pads, 30 Sheets Per Notepad for School, Home, Office, Business</p><p> -17% 0FF </p><p>$9.99</p><a href="https://www.amazon.com/dp/B0CGF22134?tag=eloabder-20&linkCode=osi&th=1&psc=1">View Product</a></div><div class="product"><a href="https://www.amazon.com/dp/B0FCMWHFC2?tag=eloabder-20&linkCode=osi&th=1&psc=1"><img src="https://m.media-amazon.com/images/I/41MMVFB-S4L._SL500_.jpg" alt="Product Image"></a><p>5pcs Legal Pads 8.5 x 11, Notepads 8.5 x 11 Inch, Color Note Pads Clear Print Writing Pads of Paper, Memo Pads , Perforate Legal Notepads Paper , Wide Ruled Lined with Sturdy Back,30 Sheets/Pack</p><p> -8% 0FF </p><p>$11.99</p><a href="https://www.amazon.com/dp/B0FCMWHFC2?tag=eloabder-20&linkCode=osi&th=1&psc=1">View Product</a></div>
<div class="product"><a href="https://www.amazon.com/dp/B08H593JZG?tag=eloabder-20&linkCode=osi&th=1&psc=1"><img src="https://m.media-amazon.com/images/I/415Ykzo-lyL._SL500_.jpg" alt="Product Image"></a><p>Eastern Wolf 8 Pads Sticky Notes 3x3 Self-Stick Notes 8 Bright Multi Colors Purple Sticky Notes, 85 Sheet/Pad</p><p> -20% 0FF </p><p>$5.59</p><a href="https://www.amazon.com/dp/B08H593JZG?tag=eloabder-20&linkCode=osi&th=1&psc=1">View Product</a></div><div class="product"><a href="https://www.amazon.com/dp/B0BPJW13CM?tag=eloabder-20&linkCode=osi&th=1&psc=1"><img src="https://m.media-amazon.com/images/I/41uKwTyz1rL._SL500_.jpg" alt="Product Image"></a><p>Post-it 100% Recycled Paper Super Sticky Notes, 2X The Sticking Power, 3x3 in, 5 Pads, 70 Sheets/Pad, Wanderlust Pastels Collection (654R-5SSNRP)</p><p> -33% 0FF </p><p>$5.98</p><a href="https://www.amazon.com/dp/B0BPJW13CM?tag=eloabder-20&linkCode=osi&th=1&psc=1">View Product</a></div><div class="product"><a href="https://www.amazon.com/dp/B0D6RPPK9H?tag=eloabder-20&linkCode=osi&th=1&psc=1"><img src="https://m.media-amazon.com/images/I/41O8zZ-RN4L._SL500_.jpg" alt="Product Image"></a><p>(18 Pads) Sticky Notes 3x3 inch, Self-Stick Pads Bright Colors Sticky Note, Recyclable, Easy to Post for Home, Office, Notebook</p><p> -40% 0FF </p><p>$8.39</p><a href="https://www.amazon.com/dp/B0D6RPPK9H?tag=eloabder-20&linkCode=osi&th=1&psc=1">View Product</a></div><div class="product"><a href="https://www.amazon.com/dp/B0CMGJ6FRB?tag=eloabder-20&linkCode=osi&th=1&psc=1"><img src="https://m.media-amazon.com/images/I/41xF9DqIGZL._SL500_.jpg" alt="Product Image"></a><p>Sticky Notes, 12 Pads, 3x3 inches, Soft Pastel Self-Stick Note Pads, Perfect for Office, Study, and Daily Life Organization - Soft Pastel</p><p> -16% 0FF </p><p>$5.06</p><a href="https://www.amazon.com/dp/B0CMGJ6FRB?tag=eloabder-20&linkCode=osi&th=1&psc=1">View Product</a></div>
<div class="product"><a href="https://www.amazon.com/dp/B07VRYX57R?tag=eloabder-20&linkCode=osi&th=1&psc=1"><img src="https://m.media-amazon.com/images/I/410XbLRqukL._SL500_.jpg" alt="Product Image"></a><p>(24 Pack) Sticky Notes 3x3 in Post Bright Stickies Colorful Super Sticking Power Memo Pads, Strong Adhesive, 74 Sheets/pad</p><p> -35% 0FF </p><p>$16.99</p><a href="https://www.amazon.com/dp/B07VRYX57R?tag=eloabder-20&linkCode=osi&th=1&psc=1">View Product</a></div><div class="product"><a href="https://www.amazon.com/dp/B00QSR9PRI?tag=eloabder-20&linkCode=osi&th=1&psc=1"><img src="https://m.media-amazon.com/images/I/31n-YNlgraL._SL500_.jpg" alt="Product Image"></a><p>Amazon Basics Narrow Ruled Lined Writing Note Pad, 5 inch x 8 inch, White, 12 Count (12 Pack of 50 pages)</p><p> -6% 0FF </p><p>$8.78</p><a href="https://www.amazon.com/dp/B00QSR9PRI?tag=eloabder-20&linkCode=osi&th=1&psc=1">View Product</a></div><div class="product"><a href="https://www.amazon.com/dp/B0D5M4D3NN?tag=eloabder-20&linkCode=osi&th=1&psc=1"><img src="https://m.media-amazon.com/images/I/41uzPvHBCDL._SL500_.jpg" alt="Product Image"></a><p>(12 Pack) Lined Sticky Notes 4x6 in Ruled Stickies Super Sticking Power Memo Pads Bright Colors</p><p> -40% 0FF </p><p>$8.98</p><a href="https://www.amazon.com/dp/B0D5M4D3NN?tag=eloabder-20&linkCode=osi&th=1&psc=1">View Product</a></div><div class="product"><a href="https://www.amazon.com/dp/B0CQK3M5VK?tag=eloabder-20&linkCode=osi&th=1&psc=1"><img src="https://m.media-amazon.com/images/I/31jKEzc1qFL._SL500_.jpg" alt="Product Image"></a><p>Note Pads 4x6 Inch, 6 Pack Blank Scratch Pads, 50 Sheets Per Memo Pad for Writing, White Pad of Paper Suit for Home, Office and School, Tear off Notepad, Small Server Notebook</p><p> -10% 0FF </p><p>$6.29</p><a href="https://www.amazon.com/dp/B0CQK3M5VK?tag=eloabder-20&linkCode=osi&th=1&psc=1">View Product</a></div>
<div class="product"><a href="https://www.amazon.com/dp/B0F5D4VNBX?tag=eloabder-20&linkCode=osi&th=1&psc=1"><img src="https://m.media-amazon.com/images/I/41SnXbixNcL._SL500_.jpg" alt="Product Image"></a><p>Blue Sky 2026 Weekly and Monthly Planner Calendar, Includes January 2026 - December 2026, 5" x 8", Flexible Cover, Wirebound, Laminated Tabs, Enterprise</p><p> -10% 0FF </p><p>$8.99</p><a href="https://www.amazon.com/dp/B0F5D4VNBX?tag=eloabder-20&linkCode=osi&th=1&psc=1">View Product</a></div><div class="product"><a href="https://www.amazon.com/dp/B0FRNQDRCR?tag=eloabder-20&linkCode=osi&th=1&psc=1"><img src="https://m.media-amazon.com/images/I/51rBf1oJchL._SL500_.jpg" alt="Product Image"></a><p>Essential PRO 2026 Daily, Weekly & Monthly Planner, 7"x9": 14 Months (Nov 2025 - Dec 2026) Monthly Tabs,Daily Tracking,Notes Pages,Storage Pocket,Bookmark w Sticky Notes (Tree Seasons)</p><p> -14% 0FF </p><p>$29.95</p><a href="https://www.amazon.com/dp/B0FRNQDRCR?tag=eloabder-20&linkCode=osi&th=1&psc=1">View Product</a></div><div class="product"><a href="https://www.amazon.com/dp/B0DYBQWJ5S?tag=eloabder-20&linkCode=osi&th=1&psc=1"><img src="https://m.media-amazon.com/images/I/41UP6Ui7BjL._SL500_.jpg" alt="Product Image"></a><p>AT-A-GLANCE 2026 Appointment Book Planner, Weekly, 8" x 11", Large, Quarter-Hourly, DayMinder, Black (G5200026)</p><p> -45% 0FF </p><p>$15.87</p><a href="https://www.amazon.com/dp/B0DYBQWJ5S?tag=eloabder-20&linkCode=osi&th=1&psc=1">View Product</a></div><div class="product"><a href="https://www.amazon.com/dp/B0DJ8SXCR4?tag=eloabder-20&linkCode=osi&th=1&psc=1"><img src="https://m.media-amazon.com/images/I/41sRmmLvCsL._SL500_.jpg" alt="Product Image"></a><p>Planner 2025-2026, Weekly and Monthly Calendar Academic Planner (July 2025 - June 2026), Hardcover Teacher School Student Agenda with Tabs, Ideal for School Office Supplies, A5 (6.3" x 8.5") - Green</p><p> -25% 0FF </p><p>$8.99</p><a href="https://www.amazon.com/dp/B0DJ8SXCR4?tag=eloabder-20&linkCode=osi&th=1&psc=1">View Product</a></div><div class="product"><a href="https://www.amazon.com/dp/B0D2VW43KP?tag=eloabder-20&linkCode=osi&th=1&psc=1"><img src="https://m.media-amazon.com/images/I/41eyA1Q1U4L._SL500_.jpg" alt="Product Image"></a><p>Forvencer 2026 Planner, Hardcover Calendar Planner Weekly and Monthly, January 2026 - December 2026, 8.5" x 11", Spiral Agenda Book with Tabs, Exquisite Daily Journal with Inner Pocket, Organizer Notebook for Office Home School, A4 Size, Green</p><p> -41% 0FF </p><p>$9.99</p><a href="https://www.amazon.com/dp/B0D2VW43KP?tag=eloabder-20&linkCode=osi&th=1&psc=1">View Product</a></div>
<div class="product"><a href="https://www.amazon.com/dp/B0DYBYRY3R?tag=eloabder-20&linkCode=osi&th=1&psc=1"><img src="https://m.media-amazon.com/images/I/41oxPcKnCuL._SL500_.jpg" alt="Product Image"></a><p>AT-A-GLANCE 2026 Desk Calendar, Monthly, Desk Pad, 21-3/4" x 17", Large, Ruled Blocks (SK240026)</p><p> -19% 0FF </p><p>$11.89</p><a href="https://www.amazon.com/dp/B0DYBYRY3R?tag=eloabder-20&linkCode=osi&th=1&psc=1">View Product</a></div><div class="product"><a href="https://www.amazon.com/dp/B0DXQ416QR?tag=eloabder-20&linkCode=osi&th=1&psc=1"><img src="https://m.media-amazon.com/images/I/41o3YUjfIVL._SL500_.jpg" alt="Product Image"></a><p>Aesthetic 2025-2026 Wall Calendar - Runs from May 2025 Until December 2026 - The Perfect Modern Calendar Planner for Easy Organizing</p><p> -43% 0FF </p><p>$3.99</p><a href="https://www.amazon.com/dp/B0DXQ416QR?tag=eloabder-20&linkCode=osi&th=1&psc=1">View Product</a></div><div class="product"><a href="https://www.amazon.com/dp/B0CCRXKSK8?tag=eloabder-20&linkCode=osi&th=1&psc=1"><img src="https://m.media-amazon.com/images/I/51eOdkimr+L._SL500_.jpg" alt="Product Image"></a><p>SUNEE Wall Calendar 2025-2026 Large 22.75"x15.5", 21 Month Calendar from October 2025 to June 2027, Vertical Extra Large Monthly Calendar 2026 for Wall, Seasons Color</p><p> -24% 0FF </p><p>$15.19</p><a href="https://www.amazon.com/dp/B0CCRXKSK8?tag=eloabder-20&linkCode=osi&th=1&psc=1">View Product</a></div><div class="product"><a href="https://www.amazon.com/dp/B0F7HZ7C9G?tag=eloabder-20&linkCode=osi&th=1&psc=1"><img src="https://m.media-amazon.com/images/I/41rkKO18HGL._SL500_.jpg" alt="Product Image"></a><p>Beautiful 2025-2026 Wall Calendar - Runs from July 2025 until December 2026 – Large 14.5" x 11.5" Office Wall Calendar for Easy Organizing</p><p> -10% 0FF </p><p>$8.99</p><a href="https://www.amazon.com/dp/B0F7HZ7C9G?tag=eloabder-20&linkCode=osi&th=1&psc=1">View Product</a></div><div class="product"><a href="https://www.amazon.com/dp/B0DYDC7ZLV?tag=eloabder-20&linkCode=osi&th=1&psc=1"><img src="https://m.media-amazon.com/images/I/51MOLWJ45HL._SL500_.jpg" alt="Product Image"></a><p>XISIDO 2025-2026 Wall Calendar, Calendar 2025-2026, 18 Month Calendar July 2025 - December 2026, 14.8" X 11.5", Calendar with Twin-Wire Binding, Hanging Hook and Julian Dates (Seasonal Designs)</p><p> -20% 0FF </p><p>$7.99</p><a href="https://www.amazon.com/dp/B0DYDC7ZLV?tag=eloabder-20&linkCode=osi&th=1&psc=1">View Product</a></div><div class="product"><a href="https://www.amazon.com/dp/B0D2KCVBBD?tag=eloabder-20&linkCode=osi&th=1&psc=1"><img src="https://m.media-amazon.com/images/I/51Eg-3ZKZxL._SL500_.jpg" alt="Product Image"></a><p>XISIDO Calendar 2025-2026, 18 Months Wall Calendar July 2025 to Dec 2026 Calendar with Julian Dates, 11" X 8.5" (Colorful)</p><p> -33% 0FF </p><p>$3.99</p><a href="https://www.amazon.com/dp/B0D2KCVBBD?tag=eloabder-20&linkCode=osi&th=1&psc=1">View Product</a></div><div class="product"><a href="https://www.amazon.com/dp/B0DY7R9226?tag=eloabder-20&linkCode=osi&th=1&psc=1"><img src="https://m.media-amazon.com/images/I/41eTUjCfzFL._SL500_.jpg" alt="Product Image"></a><p>Lbylyhxc Wall Calendar 2025-2026 - Runs from July 2025 to December 2026-18 Monthly Calendar 2026. Thick Paper includes major holidays and dedicated space for notes and important dates (Colorful Calendar 2025-2026)</p><p> -50% 0FF </p><p>$2.49</p><a href="https://www.amazon.com/dp/B0DY7R9226?tag=eloabder-20&linkCode=osi&th=1&psc=1">View Product</a></div>
<div class="product"><a href="https://www.amazon.com/dp/B00NI5LVAW?tag=eloabder-20&linkCode=osi&th=1&psc=1"><img src="https://m.media-amazon.com/images/I/31X0RgqQ1ML._SL500_.jpg" alt="Product Image"></a><p>Pendaflex File Folders, Letter Size, 1/3 Cut, Manila, 250 per Box (752250)</p><p> -11% 0FF </p><p>$26.50</p><a href="https://www.amazon.com/dp/B00NI5LVAW?tag=eloabder-20&linkCode=osi&th=1&psc=1">View Product</a></div><div class="product"><a href="https://www.amazon.com/dp/B0D1YBFHS8?tag=eloabder-20&linkCode=osi&th=1&psc=1"><img src="https://m.media-amazon.com/images/I/41qkHxiS+vL._SL500_.jpg" alt="Product Image"></a><p>SUNEE File Folders, 30 Pack Manilla Folders 8.5 x 11, Colored File Folders Home Office School Supplies for Documents Files Paper, 6 Assorted Colors</p><p> -26% 0FF </p><p>$9.99</p><a href="https://www.amazon.com/dp/B0D1YBFHS8?tag=eloabder-20&linkCode=osi&th=1&psc=1">View Product</a></div><div class="product"><a href="https://www.amazon.com/dp/B000DZ9XGO?tag=eloabder-20&linkCode=osi&th=1&psc=1"><img src="https://m.media-amazon.com/images/I/31WKzTB-4WL._SL500_.jpg" alt="Product Image"></a><p>Oxford Two-Pocket Folders, Assorted Colors, Letter Size, 25 per box (57513)</p><p> -32% 0FF </p><p>$12.23</p><a href="https://www.amazon.com/dp/B000DZ9XGO?tag=eloabder-20&linkCode=osi&th=1&psc=1">View Product</a></div><div class="product"><a href="https://www.amazon.com/dp/B0F8H75MLS?tag=eloabder-20&linkCode=osi&th=1&psc=1"><img src="https://m.media-amazon.com/images/I/41GV18+8+zL._SL500_.jpg" alt="Product Image"></a><p>Plastic Folders with Pockets, 6 Pack Document Folders with Business Card Slot, 2 Pocket Folders Back to School Supplies for Kids, Office</p><p> -33% 0FF </p><p>$5.99</p><a href="https://www.amazon.com/dp/B0F8H75MLS?tag=eloabder-20&linkCode=osi&th=1&psc=1">View Product</a></div><div class="product"><a href="https://www.amazon.com/dp/B0CPDTKFVF?tag=eloabder-20&linkCode=osi&th=1&psc=1"><img src="https://m.media-amazon.com/images/I/41PQ8ToLyhL._SL500_.jpg" alt="Product Image"></a><p>Aegero Plastic Folders with Pockets (7 Pack, Assorted Colors), Durable Heavy Duty File Folders with Business Card Slot, 2-Pocket Folder for Schoolwork & Office,Letter Size…</p><p> -11% 0FF </p><p>$7.99</p><a href="https://www.amazon.com/dp/B0CPDTKFVF?tag=eloabder-20&linkCode=osi&th=1&psc=1">View Product</a></div>
<div class="product"><a href="https://www.amazon.com/dp/B0CSPT4RFH?tag=eloabder-20&linkCode=osi&th=1&psc=1"><img src="https://m.media-amazon.com/images/I/31O8kdFg7FL._SL500_.jpg" alt="Product Image"></a><p>Two Tone Color File Folders 8.5 x 11 Inch, 1/3 Cut Tab File Folders Letter Size, Assorted Colors, Blue Red Green Yellow Orange Manila File Folders, School Business Office Folders for Document -15 Pack</p><p> -13% 0FF </p><p>$6.99</p><a href="https://www.amazon.com/dp/B0CSPT4RFH?tag=eloabder-20&linkCode=osi&th=1&psc=1">View Product</a></div><div class="product"><a href="https://www.amazon.com/dp/B01MXC0YS5?tag=eloabder-20&linkCode=osi&th=1&psc=1"><img src="https://m.media-amazon.com/images/I/41YLerNwKTL._SL500_.jpg" alt="Product Image"></a><p>Pendaflex Hanging File Folders, Letter Size, Assorted Colors, 1/5-Cut Adjustable Tabs, 25 Per Box (81663)</p><p> -7% 0FF </p><p>$13.99</p><a href="https://www.amazon.com/dp/B01MXC0YS5?tag=eloabder-20&linkCode=osi&th=1&psc=1">View Product</a></div><div class="product"><a href="https://www.amazon.com/dp/B0896Q5MMC?tag=eloabder-20&linkCode=osi&th=1&psc=1"><img src="https://m.media-amazon.com/images/I/41jDOLSqtWL._SL500_.jpg" alt="Product Image"></a><p>Pendaflex Two Tone Color File Folders, Letter Size, Assorted Colors (Teal, Violet, Gray, Navy and Burgundy), 1/3-Cut Tabs, 5 Color, 100/Box, (02315)</p><p> -27% 0FF </p><p>$13.89</p><a href="https://www.amazon.com/dp/B0896Q5MMC?tag=eloabder-20&linkCode=osi&th=1&psc=1">View Product</a></div><div class="product"><a href="https://www.amazon.com/dp/B0D1YCC6KK?tag=eloabder-20&linkCode=osi&th=1&psc=1"><img src="https://m.media-amazon.com/images/I/31aHHvZVc+L._SL500_.jpg" alt="Product Image"></a><p>SUNEE File Folders, 30 Pack Manilla Folders 8.5 x 11, Colored File Folders Home Office School Supplies for Documents Files Paper,6 Pastel Colors</p><p> -26% 0FF </p><p>$9.99</p><a href="https://www.amazon.com/dp/B0D1YCC6KK?tag=eloabder-20&linkCode=osi&th=1&psc=1">View Product</a></div>
<div class="product"><a href="https://www.amazon.com/dp/B0FGXLHFDD?tag=eloabder-20&linkCode=osi&th=1&psc=1"><img src="https://m.media-amazon.com/images/I/414ng1TKsOL._SL500_.jpg" alt="Product Image"></a><p>Trandraft Plastic Extra Capacity Hanging File Folders, 5 Inch Expanding Pocket with Movable Dividers, Letter Size Black File Folders with Insertable Tabs for Filing Cabine</p><p> -5% 0FF </p><p>$18.99</p><a href="https://www.amazon.com/dp/B0FGXLHFDD?tag=eloabder-20&linkCode=osi&th=1&psc=1">View Product</a></div><div class="product"><a href="https://www.amazon.com/dp/B08QTW4GJT?tag=eloabder-20&linkCode=osi&th=1&psc=1"><img src="https://m.media-amazon.com/images/I/41OVgNttdnL._SL500_.jpg" alt="Product Image"></a><p>Pendaflex Reinforced Hanging Folders, Letter Size, Assorted Colors 1/5 Cut, Tabs and Inserts, 25 Per Box (41522AMZ)</p><p> -32% 0FF </p><p>$13.99</p><a href="https://www.amazon.com/dp/B08QTW4GJT?tag=eloabder-20&linkCode=osi&th=1&psc=1">View Product</a></div><div class="product"><a href="https://www.amazon.com/dp/B07Y67ZCJS?tag=eloabder-20&linkCode=osi&th=1&psc=1"><img src="https://m.media-amazon.com/images/I/51g37Wkw2CL._SL500_.jpg" alt="Product Image"></a><p>EASEPRES 5 Pocket Mesh Hanging Wall File Organizer, Wall Mounted Mail Paper Document Folder Holder, Clipboard Storage Organization Magazine Rack with Nametag Label for Office Home School, Black</p><p> -30% 0FF </p><p>$22.99</p><a href="https://www.amazon.com/dp/B07Y67ZCJS?tag=eloabder-20&linkCode=osi&th=1&psc=1">View Product</a></div><div class="product"><a href="https://www.amazon.com/dp/B0CGWNNBCV?tag=eloabder-20&linkCode=osi&th=1&psc=1"><img src="https://m.media-amazon.com/images/I/31SGzCfPDcL._SL500_.jpg" alt="Product Image"></a><p>SUNEE 25 Count Hanging File Folders, Pastel Colors, Hanging File Folders Letter Size, Hanging Folders with 1/5-cut Tabs, Designed for Bulky Files, Filing Cabinets, Medical Charts</p><p> -15% 0FF </p><p>$16.99</p><a href="https://www.amazon.com/dp/B0CGWNNBCV?tag=eloabder-20&linkCode=osi&th=1&psc=1">View Product</a></div><div class="product"><a href="https://www.amazon.com/dp/B00006IF4G?tag=eloabder-20&linkCode=osi&th=1&psc=1"><img src="https://m.media-amazon.com/images/I/31LuYqWSObL._SL500_.jpg" alt="Product Image"></a><p>Smead Standard Hanging File Folders, 25 Count, Assorted Primaries, 1/5-Cut Adjustable Tabs, Letter Size (64059)</p><p> -7% 0FF </p><p>$13.55</p><a href="https://www.amazon.com/dp/B00006IF4G?tag=eloabder-20&linkCode=osi&th=1&psc=1">View Product</a></div>
<div class="product"><a href="https://www.amazon.com/dp/B0C77GP9XB?tag=eloabder-20&linkCode=osi&th=1&psc=1"><img src="https://m.media-amazon.com/images/I/415Jszg3LKL._SL500_.jpg" alt="Product Image"></a><p>SKYDUE Expanding File Organizer with 8 Pockets, Accordion File Folders with Labels, Portable Document Paper Bill Receipt Organizer, Home College School Office Supplies, Letter Size, Blue</p><p> -13% 0FF </p><p>$6.98</p><a href="https://www.amazon.com/dp/B0C77GP9XB?tag=eloabder-20&linkCode=osi&th=1&psc=1">View Product</a></div><div class="product"><a href="https://www.amazon.com/dp/B0013CETUQ?tag=eloabder-20&linkCode=osi&th=1&psc=1"><img src="https://m.media-amazon.com/images/I/51GxTzd4XbL._SL500_.jpg" alt="Product Image"></a><p>Pendaflex R217DHD Heavy-Duty Expanding Open Top File, 31 Pockets, 1/3 Tab, Letter, Brown</p><p> -36% 0FF </p><p>$15.90</p><a href="https://www.amazon.com/dp/B0013CETUQ?tag=eloabder-20&linkCode=osi&th=1&psc=1">View Product</a></div><div class="product"><a href="https://www.amazon.com/dp/B000UHJCZC?tag=eloabder-20&linkCode=osi&th=1&psc=1"><img src="https://m.media-amazon.com/images/I/31bbG1gUU2L._SL500_.jpg" alt="Product Image"></a><p>Pendaflex Expanding File Pockets, Letter Size, Redrope, 3.5" Expansion, Reinforced with DuPont™ Tyvek® Material, Redrope, 25 per Box (1524E-OX)</p><p> -9% 0FF </p><p>$27.37</p><a href="https://www.amazon.com/dp/B000UHJCZC?tag=eloabder-20&linkCode=osi&th=1&psc=1">View Product</a></div><div class="product"><a href="https://www.amazon.com/dp/B000FD9YHM?tag=eloabder-20&linkCode=osi&th=1&psc=1"><img src="https://m.media-amazon.com/images/I/511Yz6zbRaL._SL500_.jpg" alt="Product Image"></a><p>Pendaflex Heavy Duty Expanding File with Extra-Thick Cover, Tyvek Reinforced Edges, 21 Pockets, A–Z Tabs, Elastic Cord Closure, Letter Size (R117ALHD),Brown</p><p> -14% 0FF </p><p>$14.99</p><a href="https://www.amazon.com/dp/B000FD9YHM?tag=eloabder-20&linkCode=osi&th=1&psc=1">View Product</a></div>
<div class="product"><a href="https://www.amazon.com/dp/B07GKPZDG4?tag=eloabder-20&linkCode=osi&th=1&psc=1"><img src="https://m.media-amazon.com/images/I/51sUuF8kU-L._SL500_.jpg" alt="Product Image"></a><p>Cardinal Economy 3 Ring Binder, 1.5 Inch, Presentation View, Black, Holds 350 Sheets, Nonstick, PVC Free, 4 Pack of Binders (79519)</p><p> -42% 0FF </p><p>$9.19</p><a href="https://www.amazon.com/dp/B07GKPZDG4?tag=eloabder-20&linkCode=osi&th=1&psc=1">View Product</a></div><div class="product"><a href="https://www.amazon.com/dp/B0BF57LL4V?tag=eloabder-20&linkCode=osi&th=1&psc=1"><img src="https://m.media-amazon.com/images/I/317fBolZ+4L._SL500_.jpg" alt="Product Image"></a><p>1-inch 3 Ring Binder with 2 Interior Pockets, 1'' Basic Binders Holds US Letter Size 8.5'' x 11'' Paper - Versatile Binders for Office, Home, and School Use, 6 Pack (White)</p><p> -15% 0FF </p><p>$24.64</p><a href="https://www.amazon.com/dp/B0BF57LL4V?tag=eloabder-20&linkCode=osi&th=1&psc=1">View Product</a></div><div class="product"><a href="https://www.amazon.com/dp/B0BXKQ7YTW?tag=eloabder-20&linkCode=osi&th=1&psc=1"><img src="https://m.media-amazon.com/images/I/416TyBdEZYL._SL500_.jpg" alt="Product Image"></a><p>SUNEE 3 Ring Binder 1 Inch 4 Pack, Clear View 1" Binders Three Ring PVC-Free (Fit 8.5x11 Inches) for School or Office Supplies, Assorted Pastel</p><p> -17% 0FF </p><p>$14.85</p><a href="https://www.amazon.com/dp/B0BXKQ7YTW?tag=eloabder-20&linkCode=osi&th=1&psc=1">View Product</a></div><div class="product"><a href="https://www.amazon.com/dp/B0D2ZF8FHZ?tag=eloabder-20&linkCode=osi&th=1&psc=1"><img src="https://m.media-amazon.com/images/I/31smaJgK7vL._SL500_.jpg" alt="Product Image"></a><p>BinderX Extra Durable 3 Ring Binder, Round Rings 1 Inch Binder, Fits 175 Sheets of 8.5x11 Paper, Customizable View Cover with Inside Pockets, Cute 1" Binders, 1 Inch Binders 3 Ring, Pink</p><p> -36% 0FF </p><p>$8.99</p><a href="https://www.amazon.com/dp/B0D2ZF8FHZ?tag=eloabder-20&linkCode=osi&th=1&psc=1">View Product</a></div><div class="product"><a href="https://www.amazon.com/dp/B001B0GJDU?tag=eloabder-20&linkCode=osi&th=1&psc=1"><img src="https://m.media-amazon.com/images/I/41vpkaYBqsL._SL500_.jpg" alt="Product Image"></a><p>Avery Heavy-Duty View 3 Ring Binder, 1" One Touch Slant Rings, Holds 8.5" x 11" Paper, 1 Black Binder (05300)</p><p> -46% 0FF </p><p>$5.89</p><a href="https://www.amazon.com/dp/B001B0GJDU?tag=eloabder-20&linkCode=osi&th=1&psc=1">View Product</a></div>
<div class="product"><a href="https://www.amazon.com/dp/B092CM3KVX?tag=eloabder-20&linkCode=osi&th=1&psc=1"><img src="https://m.media-amazon.com/images/I/51kltWaLgmL._SL500_.jpg" alt="Product Image"></a><p>Avery Write & Erase Dividers for 3 Ring Binders, 8 Tabs per Set, Multicolor Big Tabs, Pastels, Binder Dividers Great for Organizing Reports, Projects, and More (16271)</p><p> -31% 0FF </p><p>$3.90</p><a href="https://www.amazon.com/dp/B092CM3KVX?tag=eloabder-20&linkCode=osi&th=1&psc=1">View Product</a></div><div class="product"><a href="https://www.amazon.com/dp/B08WBYPVGJ?tag=eloabder-20&linkCode=osi&th=1&psc=1"><img src="https://m.media-amazon.com/images/I/31NPQ52TfAL._SL500_.jpg" alt="Product Image"></a><p>Oxford Blank Write On Binder Dividers, 1/5 Cut Tabs, 3 Hole Punch Dividers in 5 Tab Sets, 100 Dividers, 20 Sets, White (89981)</p><p> -5% 0FF </p><p>$15.19</p><a href="https://www.amazon.com/dp/B08WBYPVGJ?tag=eloabder-20&linkCode=osi&th=1&psc=1">View Product</a></div><div class="product"><a href="https://www.amazon.com/dp/B0CZL39ZHS?tag=eloabder-20&linkCode=osi&th=1&psc=1"><img src="https://m.media-amazon.com/images/I/41APO6LBeCL._SL500_.jpg" alt="Product Image"></a><p>Forvencer 8 Count Dividers with Two Pockets, 8 tabs Binder Dividers for 3 Ring Binder Organizer, Multicolor, 1 Set</p><p> -25% 0FF </p><p>$5.99</p><a href="https://www.amazon.com/dp/B0CZL39ZHS?tag=eloabder-20&linkCode=osi&th=1&psc=1">View Product</a></div><div class="product"><a href="https://www.amazon.com/dp/B01FKMCNL6?tag=eloabder-20&linkCode=osi&th=1&psc=1"><img src="https://m.media-amazon.com/images/I/510vgT9G85L._SL500_.jpg" alt="Product Image"></a><p>Avery Binder Dividers - 5-Tab Insertable Multicolor Big Tabs for Binders, 6 Sets of Dividers (11109)</p><p> -11% 0FF </p><p>$5.78</p><a href="https://www.amazon.com/dp/B01FKMCNL6?tag=eloabder-20&linkCode=osi&th=1&psc=1">View Product</a></div><div class="product"><a href="https://www.amazon.com/dp/B0CQ4YNHX8?tag=eloabder-20&linkCode=osi&th=1&psc=1"><img src="https://m.media-amazon.com/images/I/315hb+NtGGL._SL500_.jpg" alt="Product Image"></a><p>Binder Dividers for 3 Ring Binder, 1/5 Cut Tabs, Letter Size, Blank Write On Page Dividers with 5 Big Tabs for School Office Home, 4 Sets, 20 Dividers, White</p><p> -14% 0FF </p><p>$5.98</p><a href="https://www.amazon.com/dp/B0CQ4YNHX8?tag=eloabder-20&linkCode=osi&th=1&psc=1">View Product</a></div><div class="product"><a href="https://www.amazon.com/dp/B01HC4KIVW?tag=eloabder-20&linkCode=osi&th=1&psc=1"><img src="https://m.media-amazon.com/images/I/412g1OcKv-L._SL500_.jpg" alt="Product Image"></a><p>Avery Big Tab Write & Erase Durable Plastic Dividers for 3 Ring Binders, 8-Tab Set, Bright Multicolor, 1 Set (16130)</p><p> -23% 0FF </p><p>$4.33</p><a href="https://www.amazon.com/dp/B01HC4KIVW?tag=eloabder-20&linkCode=osi&th=1&psc=1">View Product</a></div><div class="product"><a href="https://www.amazon.com/dp/B0000AQOB0?tag=eloabder-20&linkCode=osi&th=1&psc=1"><img src="https://m.media-amazon.com/images/I/51ek4ZNke4L._SL500_.jpg" alt="Product Image"></a><p>Avery 12 Tab Dividers for 3 Ring Binders, Customizable Table of Contents, Multicolor Tabs, 6 Sets (11196)</p><p> -36% 0FF </p><p>$17.99</p><a href="https://www.amazon.com/dp/B0000AQOB0?tag=eloabder-20&linkCode=osi&th=1&psc=1">View Product</a></div>
<div class="product"><a href="https://www.amazon.com/dp/B07R795LTM?tag=eloabder-20&linkCode=osi&th=1&psc=1"><img src="https://m.media-amazon.com/images/I/31OAmU6E5kL._SL500_.jpg" alt="Product Image"></a><p>Amazon Basics Polypropylene (PP) Sheet Protector, Non-Glare, 200 Pack, Clear</p><p> -13% 0FF </p><p>$10.40</p><a href="https://www.amazon.com/dp/B07R795LTM?tag=eloabder-20&linkCode=osi&th=1&psc=1">View Product</a></div><div class="product"><a href="https://www.amazon.com/dp/B0D62ZBV24?tag=eloabder-20&linkCode=osi&th=1&psc=1"><img src="https://m.media-amazon.com/images/I/41n9XbYoyhL._SL500_.jpg" alt="Product Image"></a><p>Aegero 65 Pack Clear Sheet Protectors, 8.5 x 11 inch Page Protectors for 3 Ring Binder,Top Loading Paper Protector for Documents and Photos,Letter Size</p><p> -20% 0FF </p><p>$3.99</p><a href="https://www.amazon.com/dp/B0D62ZBV24?tag=eloabder-20&linkCode=osi&th=1&psc=1">View Product</a></div><div class="product"><a href="https://www.amazon.com/dp/B08CMG5MCB?tag=eloabder-20&linkCode=osi&th=1&psc=1"><img src="https://m.media-amazon.com/images/I/410BZVBSLLL._SL500_.jpg" alt="Product Image"></a><p>Sheet Protectors, PANDRI 500 Pack Clear Heavy Duty Plastic Page Protectors Sheet Reinforced 11-Hole Fit for 3 Ring Binder Fits Standard 8.5 x 11 Paper, 9.25 x 11.25 Top Loaded, Excluding Acid</p><p> -15% 0FF </p><p>$22.94</p><a href="https://www.amazon.com/dp/B08CMG5MCB?tag=eloabder-20&linkCode=osi&th=1&psc=1">View Product</a></div><div class="product"><a href="https://www.amazon.com/dp/B0DZ6J73VW?tag=eloabder-20&linkCode=osi&th=1&psc=1"><img src="https://m.media-amazon.com/images/I/41NNzcs8bsL._SL500_.jpg" alt="Product Image"></a><p>TUOKCALB 50 Pack Clear Sheet Protectors for 3 Ring Binder, Polypropylene Acid-Free Material, 8.5 x 11 Inch Letter Size, Protector of Your Documents</p><p> -18% 0FF </p><p>$3.29</p><a href="https://www.amazon.com/dp/B0DZ6J73VW?tag=eloabder-20&linkCode=osi&th=1&psc=1">View Product</a></div><div class="product"><a href="https://www.amazon.com/dp/B0D294F9GZ?tag=eloabder-20&linkCode=osi&th=1&psc=1"><img src="https://m.media-amazon.com/images/I/41szN7I4ozL._SL500_.jpg" alt="Product Image"></a><p>Sheet Protectors 8.5 x11 Inch, 100 Pack Page Protectors for 3 Ring Binder, Top Loading Plastic Sleeves with Reinforced 3-Hole Punch for Binders, Letter Size, for Documents and Photos, Office Supplies.</p><p> -23% 0FF </p><p>$9.99</p><a href="https://www.amazon.com/dp/B0D294F9GZ?tag=eloabder-20&linkCode=osi&th=1&psc=1">View Product</a></div><div class="product"><a href="https://www.amazon.com/dp/B0D59XF4D3?tag=eloabder-20&linkCode=osi&th=1&psc=1"><img src="https://m.media-amazon.com/images/I/41EpBhN87iL._SL500_.jpg" alt="Product Image"></a><p>DOSEWART 70Pack Sheet Protectors, Clear Heavy Duty Plastic Page Protectors for 3 Ring Binder, Top Loading Sheet Protectors 8.5 x 11” for Photo, Paper, Document Protector</p><p> -43% 0FF </p><p>$3.99</p><a href="https://www.amazon.com/dp/B0D59XF4D3?tag=eloabder-20&linkCode=osi&th=1&psc=1">View Product</a></div>
<div class="product"><a href="https://www.amazon.com/dp/B000T9MP5U?tag=eloabder-20&linkCode=osi&th=1&psc=1"><img src="https://m.media-amazon.com/images/I/41zOycTbMML._SL500_.jpg" alt="Product Image"></a><p>Mead #10 Security Business Envelopes Letter Size 4-1/8" x 9-1/2" – Peel and Seal, Privacy Lined, No-Window, Press-It Seal-It Self-Adhesive for Home & Office Mailing, 45 Count (75026)</p><p> -13% 0FF </p><p>$3.57</p><a href="https://www.amazon.com/dp/B000T9MP5U?tag=eloabder-20&linkCode=osi&th=1&psc=1">View Product</a></div><div class="product"><a href="https://www.amazon.com/dp/B06VVLD2GL?tag=eloabder-20&linkCode=osi&th=1&psc=1"><img src="https://m.media-amazon.com/images/I/11zBoWnx9uL._SL500_.jpg" alt="Product Image"></a><p>Amazon Basics 10 Security-Tinted Self-Seal Business Letter Envelopes, Peel & Seal Adhesive Closure, White, 500-Pack</p><p> -5% 0FF </p><p>$18.04</p><a href="https://www.amazon.com/dp/B06VVLD2GL?tag=eloabder-20&linkCode=osi&th=1&psc=1">View Product</a></div><div class="product"><a href="https://www.amazon.com/dp/B07FMDV5LR?tag=eloabder-20&linkCode=osi&th=1&psc=1"><img src="https://m.media-amazon.com/images/I/41jTu3FDgaL._SL500_.jpg" alt="Product Image"></a><p>Quality Park #6 3/4 Self-Seal Security Envelopes, Security Tint and Pattern, Redi-Strip Closure, 24-lb White Wove, 3-5/8 x 6-1/2, 100/Box (QUA10417)</p><p> -23% 0FF </p><p>$4.99</p><a href="https://www.amazon.com/dp/B07FMDV5LR?tag=eloabder-20&linkCode=osi&th=1&psc=1">View Product</a></div>
<div class="product"><a href="https://www.amazon.com/dp/B00004Z5SM?tag=eloabder-20&linkCode=osi&th=1&psc=1"><img src="https://m.media-amazon.com/images/I/41LHX+FB2PL._SL500_.jpg" alt="Product Image"></a><p>Avery Easy Peel Printable Address Labels with Sure Feed, 1" x 2-5/8" Customizable Stickers, White, 750 Blank Mailing Labels, Great for Mailing, Shipping, and More (8160)</p><p> -48% 0FF </p><p>$8.99</p><a href="https://www.amazon.com/dp/B00004Z5SM?tag=eloabder-20&linkCode=osi&th=1&psc=1">View Product</a></div><div class="product"><a href="https://www.amazon.com/dp/B089LHX8Q6?tag=eloabder-20&linkCode=osi&th=1&psc=1"><img src="https://m.media-amazon.com/images/I/41+HcHENwbL._SL500_.jpg" alt="Product Image"></a><p>KKBESTPACK Half Sheet Shipping Labels for Laser and Inkjet Printers – 2 Per Page Self Adhesive Mailing Labels – White 8.5 x 5.5 (200 Labels) (2LP)</p><p> -10% 0FF </p><p>$9.86</p><a href="https://www.amazon.com/dp/B089LHX8Q6?tag=eloabder-20&linkCode=osi&th=1&psc=1">View Product</a></div><div class="product"><a href="https://www.amazon.com/dp/B001SN8ITI?tag=eloabder-20&linkCode=osi&th=1&psc=1"><img src="https://m.media-amazon.com/images/I/51vJip236KL._SL500_.jpg" alt="Product Image"></a><p>Avery Easy Peel Printable Address Labels with Sure Feed, 1" x 2-5/8" Customizable Stickers, White, 300 Blank Mailing Labels, Great for Mailing, Shipping, and More (18160)</p><p> -38% 0FF </p><p>$5.54</p><a href="https://www.amazon.com/dp/B001SN8ITI?tag=eloabder-20&linkCode=osi&th=1&psc=1">View Product</a></div><div class="product"><a href="https://www.amazon.com/dp/B0C2P8YTW2?tag=eloabder-20&linkCode=osi&th=1&psc=1"><img src="https://m.media-amazon.com/images/I/51EeHFqmTKL._SL500_.jpg" alt="Product Image"></a><p>FungLam 1" x 2-5/8" Shipping Address Labels 900 Label Stickers Paper for Laser/Inkjet Printer 30 per Page Printable Mailing Labels (30 Sheets, 900 Labels)</p><p> -25% 0FF </p><p>$5.99</p><a href="https://www.amazon.com/dp/B0C2P8YTW2?tag=eloabder-20&linkCode=osi&th=1&psc=1">View Product</a></div>
<div class="product"><a href="https://www.amazon.com/dp/B07X41JJXB?tag=eloabder-20&linkCode=osi&th=1&psc=1"><img src="https://m.media-amazon.com/images/I/31V4rpfdGtL._SL500_.jpg" alt="Product Image"></a><p>KKBESTPACK 100 Large Poly Mailers 10x13 Shipping Bags for Small Business – Self Sealing Package Envelopes (10 x 13 Pack of 100, Black)</p><p> -10% 0FF </p><p>$8.94 ($0.09 / Count)</p><a href="https://www.amazon.com/dp/B07X41JJXB?tag=eloabder-20&linkCode=osi&th=1&psc=1">View Product</a></div><div class="product"><a href="https://www.amazon.com/dp/B08C9T3997?tag=eloabder-20&linkCode=osi&th=1&psc=1"><img src="https://m.media-amazon.com/images/I/41CMEDIsQEL._SL500_.jpg" alt="Product Image"></a><p>Anylabel 2" x 3" Fragile Stickers for Shipping and Moving Please Handle with Care Fragile Thank You Do Not Drop, Warning Stickers Fragile Labels, Permanent Adhesive(500 Labels, 1 Roll)</p><p> -33% 0FF </p><p>$5.99</p><a href="https://www.amazon.com/dp/B08C9T3997?tag=eloabder-20&linkCode=osi&th=1&psc=1">View Product</a></div>

<div class="product"><a href="https://www.amazon.com/dp/B0033J6V3A?tag=eloabder-20&linkCode=osi&th=1&psc=1"><img src="https://m.media-amazon.com/images/I/21o5ASbichL._SL500_.jpg" alt="Product Image"></a><p>NuSparc 2 Drawer Locking Filing Cabinet | Pre-Assembled Steel Construction | Space-Saving Design is Perfect for Home and Small Office | Letter-Size | Assembled in North America</p><p> -14% 0FF </p><p>$76.99</p><a href="https://www.amazon.com/dp/B0033J6V3A?tag=eloabder-20&linkCode=osi&th=1&psc=1">View Product</a></div><div class="product"><a href="https://www.amazon.com/dp/B0D9XYD75W?tag=eloabder-20&linkCode=osi&th=1&psc=1"><img src="https://m.media-amazon.com/images/I/31VM3xK++PL._SL500_.jpg" alt="Product Image"></a><p>BYNSOE 2 Drawer File Cabinet with Lock Vertical Filing Storage Cabinet Office Home Steel Vertical File Cabinets for Letter Size File Cabinet Locked,Assembly Required</p><p> -8% 0FF </p><p>$54.99</p><a href="https://www.amazon.com/dp/B0D9XYD75W?tag=eloabder-20&linkCode=osi&th=1&psc=1">View Product</a></div><div class="product"><a href="https://www.amazon.com/dp/B0989HLF81?tag=eloabder-20&linkCode=osi&th=1&psc=1"><img src="https://m.media-amazon.com/images/I/51vzgnkbcjL._SL500_.jpg" alt="Product Image"></a><p>DEVAISE 3 Drawer Mobile File Cabinet, Wood Lateral Filing Cabinet, Printer Stand with Open Shelves for Home Office, Rustic Brown</p><p> -21% 0FF </p><p>$74.99</p><a href="https://www.amazon.com/dp/B0989HLF81?tag=eloabder-20&linkCode=osi&th=1&psc=1">View Product</a></div>
<div class="product"><a href="https://www.amazon.com/dp/B00006RSQD?tag=eloabder-20&linkCode=osi&th=1&psc=1"><img src="https://m.media-amazon.com/images/I/315rez3KpeL._SL500_.jpg" alt="Product Image"></a><p>Bush Business Furniture Series C 36W Tall 5 Shelf Bookcase in Hansen Cherry, Large Storage and Display Bookshelf for Home or Professional Office</p><p> -8% 0FF </p><p>$239.49</p><a href="https://www.amazon.com/dp/B00006RSQD?tag=eloabder-20&linkCode=osi&th=1&psc=1">View Product</a></div>
<div class="product"><a href="https://www.amazon.com/dp/B09F6JPYSY?tag=eloabder-20&linkCode=osi&th=1&psc=1"><img src="https://m.media-amazon.com/images/I/51fGLH7lhHL._SL500_.jpg" alt="Product Image"></a><p>SPACELEAD Slim Storage Cart 3 Tier,Bathroom Organizer Rolling Utility,Mobile Shelving Unit Slide Out for Office, Kitchen, Laundry Room & Narrow Places,Black</p><p> -30% 0FF </p><p>$20.99</p><a href="https://www.amazon.com/dp/B09F6JPYSY?tag=eloabder-20&linkCode=osi&th=1&psc=1">View Product</a></div><div class="product"><a href="https://www.amazon.com/dp/B08KFTVGQY?tag=eloabder-20&linkCode=osi&th=1&psc=1"><img src="https://m.media-amazon.com/images/I/51BjUEmGaiL._SL500_.jpg" alt="Product Image"></a><p>SONGMICS Cube Storage Organizer, Set of 16 Plastic Cubes, Closet Organizers and Storage, Room Organization, Bedroom Living Room, 12.2 x 48.4 x 48.4 Inches, Rustic Brown ULPC442A01</p><p> -15% 0FF </p><p>$46.99</p><a href="https://www.amazon.com/dp/B08KFTVGQY?tag=eloabder-20&linkCode=osi&th=1&psc=1">View Product</a></div><div class="product"><a href="https://www.amazon.com/dp/B0DG359YX5?tag=eloabder-20&linkCode=osi&th=1&psc=1"><img src="https://m.media-amazon.com/images/I/41OBXL4HJdL._SL500_.jpg" alt="Product Image"></a><p>VIVO Clamp-on 13 inch Above or Below Desk 2-Tier Shelving Unit for Table Accessories, Gaming Devices, and More, Storage Tray, Desktop Organizer, Rustic Vintage Brown, STAND-SHELF2C-N</p><p> -20% 0FF </p><p>$39.99</p><a href="https://www.amazon.com/dp/B0DG359YX5?tag=eloabder-20&linkCode=osi&th=1&psc=1">View Product</a></div><div class="product"><a href="https://www.amazon.com/dp/B0D7S5GGP6?tag=eloabder-20&linkCode=osi&th=1&psc=1"><img src="https://m.media-amazon.com/images/I/51EriWG2BLL._SL500_.jpg" alt="Product Image"></a><p>C&AHOME Wire Cube Storage, 9 - Cube Organizer Metal C Grids, Modular Shelves Units, Closet Organizer, Ideal for Home, Office, Living Room, 36.6”L x 12.4”W x 48.4”H, Silver Gray UWCS3009G</p><p> -33% 0FF </p><p>$28.87</p><a href="https://www.amazon.com/dp/B0D7S5GGP6?tag=eloabder-20&linkCode=osi&th=1&psc=1">View Product</a></div>
<div class="product"><a href="https://www.amazon.com/dp/B0B1M6ML2J?tag=eloabder-20&linkCode=osi&th=1&psc=1"><img src="https://m.media-amazon.com/images/I/51pX2Qo38JL._SL500_.jpg" alt="Product Image"></a><p>WOWBOX 25 PCS Clear Plastic Drawer Organizer Set, 4 Sizes Desk Drawer Divider Organizers and Storage Bins for Makeup, Jewelry, Gadgets for Kitchen, Bedroom, Bathroom, Office</p><p> -35% 0FF </p><p>$16.13 ($0.65 / Count)</p><a href="https://www.amazon.com/dp/B0B1M6ML2J?tag=eloabder-20&linkCode=osi&th=1&psc=1">View Product</a></div><div class="product"><a href="https://www.amazon.com/dp/B0DB8F7GDN?tag=eloabder-20&linkCode=osi&th=1&psc=1"><img src="https://m.media-amazon.com/images/I/51iOtKHzvCL._SL500_.jpg" alt="Product Image"></a><p>OPNICE Desk Organizer and Accessories, 2-Tier Computer Monitor Stand Riser with Drawer and 2 Pen Holders, Laptop Stand, Office Desk Accessories for Office Supplies, Black</p><p> -27% 0FF </p><p>$21.99</p><a href="https://www.amazon.com/dp/B0DB8F7GDN?tag=eloabder-20&linkCode=osi&th=1&psc=1">View Product</a></div><div class="product"><a href="https://www.amazon.com/dp/B0FQ86P4M3?tag=eloabder-20&linkCode=osi&th=1&psc=1"><img src="https://m.media-amazon.com/images/I/41ZDdyGnPxL._SL500_.jpg" alt="Product Image"></a><p>Mind Reader 2-Tier Desk Organizer with Clamp, Accessory Shelf for Office or Gaming, Office, Metal, White</p><p> -5% 0FF </p><p>$37.99</p><a href="https://www.amazon.com/dp/B0FQ86P4M3?tag=eloabder-20&linkCode=osi&th=1&psc=1">View Product</a></div><div class="product"><a href="https://www.amazon.com/dp/B0BYDGF8DT?tag=eloabder-20&linkCode=osi&th=1&psc=1"><img src="https://m.media-amazon.com/images/I/51sE2GzgVNL._SL500_.jpg" alt="Product Image"></a><p>OPNICE Desk Organizer and Accessories, 4-Tier Desktop File Organizer with Drawer and 2 Pen Holders, Office Desk Accessories, Workspace Organizers for Office Supplies(Black)</p><p> -33% 0FF </p><p>$19.99</p><a href="https://www.amazon.com/dp/B0BYDGF8DT?tag=eloabder-20&linkCode=osi&th=1&psc=1">View Product</a></div><div class="product"><a href="https://www.amazon.com/dp/B0DJKSMV2T?tag=eloabder-20&linkCode=osi&th=1&psc=1"><img src="https://m.media-amazon.com/images/I/41gO3CCIg1L._SL500_.jpg" alt="Product Image"></a><p>gianotter Dual Monitor Stand Riser, Desk Organizer With Drawer and 2 Pen Holders, Computer Monitor Stand, Shelf for Top of Desk, Black</p><p> -28% 0FF </p><p>$25.99</p><a href="https://www.amazon.com/dp/B0DJKSMV2T?tag=eloabder-20&linkCode=osi&th=1&psc=1">View Product</a></div><div class="product"><a href="https://www.amazon.com/dp/B0BWTT3WK1?tag=eloabder-20&linkCode=osi&th=1&psc=1"><img src="https://m.media-amazon.com/images/I/51JTe2SjicL._SL500_.jpg" alt="Product Image"></a><p>gianotter Desk Organizers and Accessories with File Holder, 4-Tier Desk Accessories & Workspace Organizers with Drawer and 2 Pen Holder, Paper Organizer for Office Supplies (Rose Gold)</p><p> -27% 0FF </p><p>$23.99</p><a href="https://www.amazon.com/dp/B0BWTT3WK1?tag=eloabder-20&linkCode=osi&th=1&psc=1">View Product</a></div><div class="product"><a href="https://www.amazon.com/dp/B09QKDY1YY?tag=eloabder-20&linkCode=osi&th=1&psc=1"><img src="https://m.media-amazon.com/images/I/519UVM73B6L._SL500_.jpg" alt="Product Image"></a><p>Supeasy 5 Trays Paper Organizer Letter Tray with Handle-Mesh Desk File Organizer, Paper Sorter Desk Organizer for Office, Home or School</p><p> -17% 0FF </p><p>$19.99</p><a href="https://www.amazon.com/dp/B09QKDY1YY?tag=eloabder-20&linkCode=osi&th=1&psc=1">View Product</a></div><div class="product"><a href="https://www.amazon.com/dp/B08PBFKGJG?tag=eloabder-20&linkCode=osi&th=1&psc=1"><img src="https://m.media-amazon.com/images/I/61WfW0WLsqL._SL500_.jpg" alt="Product Image"></a><p>Marbrasse 6 Tier Paper Organizer Letter Tray - Mesh Desk File Organizer with Handle, Paper Sorter Organizer for Letter/A4 Office File Folder Holder - Black</p><p> -23% 0FF </p><p>$19.98</p><a href="https://www.amazon.com/dp/B08PBFKGJG?tag=eloabder-20&linkCode=osi&th=1&psc=1">View Product</a></div><div class="product"><a href="https://www.amazon.com/dp/B09K5927B5?tag=eloabder-20&linkCode=osi&th=1&psc=1"><img src="https://m.media-amazon.com/images/I/51u5tZ4jR6L._SL500_.jpg" alt="Product Image"></a><p>Marbrasse Desk Organizer with File Holder, 5-Tier Paper Letter Tray Organizer with Drawer and 2 Pen Holder, Mesh Desktop Organizer and Storage with Magazine Holder for Office Supplies(Black)</p><p> -24% 0FF </p><p>$33.99</p><a href="https://www.amazon.com/dp/B09K5927B5?tag=eloabder-20&linkCode=osi&th=1&psc=1">View Product</a></div>
<div class="product"><a href="https://www.amazon.com/dp/B0CNXF7SVS?tag=eloabder-20&linkCode=osi&th=1&psc=1"><img src="https://m.media-amazon.com/images/I/51a6EswyTZL._SL500_.jpg" alt="Product Image"></a><p>Manalete Drawer Organizers Set of 15, 4 Sizes Clear Plastic Drawer Organizers and Storage Bins for Kitchen, Bathroom, Office, Dresser Desk Drawer Organizer Tray for Jewelry, Makeup, Junk, Gadgets</p><p> -29% 0FF </p><p>$9.99</p><a href="https://www.amazon.com/dp/B0CNXF7SVS?tag=eloabder-20&linkCode=osi&th=1&psc=1">View Product</a></div><div class="product"><a href="https://www.amazon.com/dp/B0CCY5X6SS?tag=eloabder-20&linkCode=osi&th=1&psc=1"><img src="https://m.media-amazon.com/images/I/41Iye-vPXJL._SL500_.jpg" alt="Product Image"></a><p>Bamboo Drawer Organizer Set, 5 PCS Multi-Use Individual Wood Storage Organizers, Junk Drawer Divider and Storage Trays Containers for Kitchen, Bathroom, Office Desk, Makeup, Jewelry, Utensils</p><p> -20% 0FF </p><p>$19.99 ($4.00 / Count)</p><a href="https://www.amazon.com/dp/B0CCY5X6SS?tag=eloabder-20&linkCode=osi&th=1&psc=1">View Product</a></div><div class="product"><a href="https://www.amazon.com/dp/B0CCDJQ7MM?tag=eloabder-20&linkCode=osi&th=1&psc=1"><img src="https://m.media-amazon.com/images/I/51kU0WJxdsL._SL500_.jpg" alt="Product Image"></a><p>Marbrasse Expandable Desk Drawer Organizer, Mesh Drawer Organizer Tray with 10 Adjustable Compartments, Desk Organizers and Accessories, 5 Dividers Drawer for Office Supplies, Makeup & Vanity (Black)</p><p> -15% 0FF </p><p>$17.84</p><a href="https://www.amazon.com/dp/B0CCDJQ7MM?tag=eloabder-20&linkCode=osi&th=1&psc=1">View Product</a></div><div class="product"><a href="https://www.amazon.com/dp/B0DM27MBZN?tag=eloabder-20&linkCode=osi&th=1&psc=1"><img src="https://m.media-amazon.com/images/I/41hAfSMnrZL._SL500_.jpg" alt="Product Image"></a><p>ElegantArray 12 PCS Drawer Organizer Set, 4 Sizes Storage Drawer Units, Clear Plastic Makeup Vanity Organizer and Storage Bins for Makeup, Stationeries, Multiple Gadgets for Bathroom, Office, Bedroom</p><p> -31% 0FF </p><p>$8.99</p><a href="https://www.amazon.com/dp/B0DM27MBZN?tag=eloabder-20&linkCode=osi&th=1&psc=1">View Product</a></div>
<div class="product"><a href="https://www.amazon.com/dp/B0C4T42TPC?tag=eloabder-20&linkCode=osi&th=1&psc=1"><img src="https://m.media-amazon.com/images/I/318IsyAsPXL._SL500_.jpg" alt="Product Image"></a><p>Adjustable Mobile CPU Stand, Ventilated Computer Tower Stand with 4 Caster Wheels Fits Most PC Tower, Under Desk CPU Holder PC Floor Cart Computer Riser for Gamers and Students (Black)</p><p> -21% 0FF </p><p>$14.21</p><a href="https://www.amazon.com/dp/B0C4T42TPC?tag=eloabder-20&linkCode=osi&th=1&psc=1">View Product</a></div><div class="product"><a href="https://www.amazon.com/dp/B094QTGHNZ?tag=eloabder-20&linkCode=osi&th=1&psc=1"><img src="https://m.media-amazon.com/images/I/31VzBQ+jwWL._SL500_.jpg" alt="Product Image"></a><p>WALI Computer Monitor Stand for Desk, Adjustable Laptop Riser, Desk Monitor Stand Underneath Storage for Office, Home, School Supplies (STT003), 1 Pack, Black</p><p> -32% 0FF </p><p>$16.99</p><a href="https://www.amazon.com/dp/B094QTGHNZ?tag=eloabder-20&linkCode=osi&th=1&psc=1">View Product</a></div><div class="product"><a href="https://www.amazon.com/dp/B07H4DMLVH?tag=eloabder-20&linkCode=osi&th=1&psc=1"><img src="https://m.media-amazon.com/images/I/31eTfKhpSWL._SL500_.jpg" alt="Product Image"></a><p>HUANUO Monitor Stand, Monitor Stand Riser 3 Height Adjustable, Monitor Riser with Airflow Vents, Laptop Stand for Desk, Laptop Riser, Desk Organizer for Monitor, 15.6" Laptop, PC, Printer</p><p> -11% 0FF </p><p>$15.19</p><a href="https://www.amazon.com/dp/B07H4DMLVH?tag=eloabder-20&linkCode=osi&th=1&psc=1">View Product</a></div><div class="product"><a href="https://www.amazon.com/dp/B0D69W6H91?tag=eloabder-20&linkCode=osi&th=1&psc=1"><img src="https://m.media-amazon.com/images/I/51rQI+gi3lL._SL500_.jpg" alt="Product Image"></a><p>JANE EYRE Computer Tower Stand - Adjustable PC Tower Stand CPU Holder Cart with Charging Station for Office Home Classroom,23.03"-28.3" H, black</p><p> -10% 0FF </p><p>$53.99</p><a href="https://www.amazon.com/dp/B0D69W6H91?tag=eloabder-20&linkCode=osi&th=1&psc=1">View Product</a></div><div class="product"><a href="https://www.amazon.com/dp/B0C4T34L9Y?tag=eloabder-20&linkCode=osi&th=1&psc=1"><img src="https://m.media-amazon.com/images/I/51BNMGXNOEL._SL500_.jpg" alt="Product Image"></a><p>BONTEC Wooden Monitor Stand Riser, 2-Tier Desk Shelf with Storage Organizer, Ergonomic Computer Stand with Cable Management, Cellphone Holder, White, 16.5 Inch</p><p> -33% 0FF </p><p>$18.04</p><a href="https://www.amazon.com/dp/B0C4T34L9Y?tag=eloabder-20&linkCode=osi&th=1&psc=1">View Product</a></div><div class="product"><a href="https://www.amazon.com/dp/B08BRCT4JH?tag=eloabder-20&linkCode=osi&th=1&psc=1"><img src="https://m.media-amazon.com/images/I/41Ga6A+cXbL._SL500_.jpg" alt="Product Image"></a><p>BESIGN LS03 Aluminum Laptop Stand, Ergonomic Detachable Computer Stand, Notebook Riser Compatible with Air, Pro, Dell, HP, Lenovo More 10-15.6" Laptops, Silver</p><p> -25% 0FF </p><p>$14.98</p><a href="https://www.amazon.com/dp/B08BRCT4JH?tag=eloabder-20&linkCode=osi&th=1&psc=1">View Product</a></div>
<div class="product"><a href="https://www.amazon.com/dp/B07Q79ZZJ6?tag=eloabder-20&linkCode=osi&th=1&psc=1"><img src="https://m.media-amazon.com/images/I/31-LBzENQIL._SL500_.jpg" alt="Product Image"></a><p>Single LCD Computer Monitor Free-Standing Desk Stand Mount Riser for 13 inch to 32 inch screen with Swivel, Height Adjustable, Rotation, Vesa Base Stand Holds One (1) Screen up to 77Lbs(HT05B-001))</p><p> -34% 0FF </p><p>$21.99</p><a href="https://www.amazon.com/dp/B07Q79ZZJ6?tag=eloabder-20&linkCode=osi&th=1&psc=1">View Product</a></div><div class="product"><a href="https://www.amazon.com/dp/B082845XM8?tag=eloabder-20&linkCode=osi&th=1&psc=1"><img src="https://m.media-amazon.com/images/I/41uRH1B7HgL._SL500_.jpg" alt="Product Image"></a><p>Dual Monitor Stand - Vertical Stack Screen Free-Standing Monitor Riser Fits Two 13 to 34 Inch Screen with Swivel, Tilt, Height Adjustable, Holds One (1) Screen Up to 44Lbs</p><p> -5% 0FF </p><p>$31.56</p><a href="https://www.amazon.com/dp/B082845XM8?tag=eloabder-20&linkCode=osi&th=1&psc=1">View Product</a></div><div class="product"><a href="https://www.amazon.com/dp/B00X4SCCFG?tag=eloabder-20&linkCode=osi&th=1&psc=1"><img src="https://m.media-amazon.com/images/I/21X2klzUZGL._SL500_.jpg" alt="Product Image"></a><p>Amazon Basics Height Adjustable Rectangular Computer Monitor Riser Desk Stand with Storage for Reduced Neck Strain - Fits Monitors, Laptops Up to 22lbs, Black</p><p> -35% 0FF </p><p>$14.06</p><a href="https://www.amazon.com/dp/B00X4SCCFG?tag=eloabder-20&linkCode=osi&th=1&psc=1">View Product</a></div>
<div class="product"><a href="https://www.amazon.com/dp/B07HFDJCSL?tag=eloabder-20&linkCode=osi&th=1&psc=1"><img src="https://m.media-amazon.com/images/I/41DR7qY1naL._SL500_.jpg" alt="Product Image"></a><p>VIVO Large Keyboard Tray Under Desk Pull Out with Extra Sturdy C Clamp Mount System, 27 (33 Including Clamps) x 11 Inch Slide-Out Platform Computer Drawer for Typing, Black, MOUNT-KB05E</p><p> -17% 0FF </p><p>$49.99</p><a href="https://www.amazon.com/dp/B07HFDJCSL?tag=eloabder-20&linkCode=osi&th=1&psc=1">View Product</a></div><div class="product"><a href="https://www.amazon.com/dp/B082NKBM62?tag=eloabder-20&linkCode=osi&th=1&psc=1"><img src="https://m.media-amazon.com/images/I/41qQ3p9-mrL._SL500_.jpg" alt="Product Image"></a><p>HUANUO Keyboard Tray Under Desk, 360 Adjustable Ergonomic Sliding Keyboard & Mouse Tray, Under Desk Keyboard Tray Slide Out, Keyboard Holder Under Desk for Typing in Home, Office Work, 25"W x 9.84"D</p><p> -33% 0FF </p><p>$59.98</p><a href="https://www.amazon.com/dp/B082NKBM62?tag=eloabder-20&linkCode=osi&th=1&psc=1">View Product</a></div><div class="product"><a href="https://www.amazon.com/dp/B0F23GTKHL?tag=eloabder-20&linkCode=osi&th=1&psc=1"><img src="https://m.media-amazon.com/images/I/41dmHoeznDL._SL500_.jpg" alt="Product Image"></a><p>Zontera Ergonomic Mouse & Keyboard Tray Under Desk, Pull Out with Adjustable C-clamp, 20 (25.9 Including Clamps) x 11.8 Inch Slide Out Computer Keyboard Drawer Mouse Tray for Typing, Black</p><p> -7% 0FF </p><p>$25.99</p><a href="https://www.amazon.com/dp/B0F23GTKHL?tag=eloabder-20&linkCode=osi&th=1&psc=1">View Product</a></div><div class="product"><a href="https://www.amazon.com/dp/B01IIGMBVI?tag=eloabder-20&linkCode=osi&th=1&psc=1"><img src="https://m.media-amazon.com/images/I/21Vw8003F0L._SL500_.jpg" alt="Product Image"></a><p>Alera ALE Valencia Series Underdesk Keyboard/Mouse Shelf, 28w x 12d, Black</p><p> -50% 0FF </p><p>$29.22</p><a href="https://www.amazon.com/dp/B01IIGMBVI?tag=eloabder-20&linkCode=osi&th=1&psc=1">View Product</a></div>
<div class="product"><a href="https://www.amazon.com/dp/B07C3XZMC6?tag=eloabder-20&linkCode=osi&th=1&psc=1"><img src="https://m.media-amazon.com/images/I/31Eojf7glwL._SL500_.jpg" alt="Product Image"></a><p>JIKIOU 3 Pack Mouse Pad with Stitched Edge, Comfortable Mouse Pads with Non-Slip Rubber Base, Washable Mousepads Bulk with Comfortable Cloth, Mouse Pads for Computers Laptop Mouse 10.2x8.3inch Black</p><p> -29% 0FF </p><p>$7.99</p><a href="https://www.amazon.com/dp/B07C3XZMC6?tag=eloabder-20&linkCode=osi&th=1&psc=1">View Product</a></div><div class="product"><a href="https://www.amazon.com/dp/B085XRMSTT?tag=eloabder-20&linkCode=osi&th=1&psc=1"><img src="https://m.media-amazon.com/images/I/31aDSI0sFoL._SL500_.jpg" alt="Product Image"></a><p>EooCoo Ergonomic Mouse Pad with Wrist Support, Mousepad with Memory Foam Wrist Rest and Non-Slip Base for Computer, Cafe, Home & Office, 9.64 x 8.26 in Office Desk Accessories</p><p> -36% 0FF </p><p>$6.99</p><a href="https://www.amazon.com/dp/B085XRMSTT?tag=eloabder-20&linkCode=osi&th=1&psc=1">View Product</a></div>
<div class="product"><a href="https://www.amazon.com/dp/B0BRCJL4MM?tag=eloabder-20&linkCode=osi&th=1&psc=1"><img src="https://m.media-amazon.com/images/I/41sggzaNbPL._SL500_.jpg" alt="Product Image"></a><p>Led Desk Lamp for Office Home - Eye Caring Architect lamp with Clamp,Dual Screen Computer Monitor Gooseneck Smart Light: 24W 5 Color Flexible Adjustable Lighting Table Lamp for Study Drafting</p><p> -13% 0FF </p><p>$69.99</p><a href="https://www.amazon.com/dp/B0BRCJL4MM?tag=eloabder-20&linkCode=osi&th=1&psc=1">View Product</a></div><div class="product"><a href="https://www.amazon.com/dp/B0BNHNG5CY?tag=eloabder-20&linkCode=osi&th=1&psc=1"><img src="https://m.media-amazon.com/images/I/51ccmdZe2YL._SL500_.jpg" alt="Product Image"></a><p>Micomlan Led Desk Lamp with Clamp, Architect Desk Lamp for Home Office with Atmosphere Lighting, 24W Ultra Bright Auto Dimming Computer Light Stepless Dimming and Tempering LED Table Light</p><p> -27% 0FF </p><p>$49.99</p><a href="https://www.amazon.com/dp/B0BNHNG5CY?tag=eloabder-20&linkCode=osi&th=1&psc=1">View Product</a></div><div class="product"><a href="https://www.amazon.com/dp/B078W61H9P?tag=eloabder-20&linkCode=osi&th=1&psc=1"><img src="https://m.media-amazon.com/images/I/31aebwb3nqL._SL500_.jpg" alt="Product Image"></a><p>LEPOWER Metal Desk Lamp, Eye-Caring Table Lamp, Study Lamps with Flexible Goose Neck for Bedroom, Home Office (Matte Black)</p><p> -24% 0FF </p><p>$24.99</p><a href="https://www.amazon.com/dp/B078W61H9P?tag=eloabder-20&linkCode=osi&th=1&psc=1">View Product</a></div><div class="product"><a href="https://www.amazon.com/dp/B0D1DLY4H4?tag=eloabder-20&linkCode=osi&th=1&psc=1"><img src="https://m.media-amazon.com/images/I/41sKiuSIwRL._SL500_.jpg" alt="Product Image"></a><p>SKYLEO Led Desk Lamp - Desk Light for 31.5" Tall - 5 Color Modes X 11 Brightness Levels - Adjustable Swing Arm - Timmer & Memory Function - 12W Lamp for Desk - Black</p><p> -23% 0FF </p><p>$19.99</p><a href="https://www.amazon.com/dp/B0D1DLY4H4?tag=eloabder-20&linkCode=osi&th=1&psc=1">View Product</a></div><div class="product"><a href="https://www.amazon.com/dp/B0D2LGK82V?tag=eloabder-20&linkCode=osi&th=1&psc=1"><img src="https://m.media-amazon.com/images/I/41UpQ-qygDL._SL500_.jpg" alt="Product Image"></a><p>Addtam LED Desk Lamp, Power Strip with 3 Outlets 4 USB Charging Ports(2 USBC), 4 Modes 5 Level Brightness Touch Lamp, Small Desk Lamp for Home Office College Dorm Room Essentials</p><p> -23% 0FF </p><p>$16.99</p><a href="https://www.amazon.com/dp/B0D2LGK82V?tag=eloabder-20&linkCode=osi&th=1&psc=1">View Product</a></div><div class="product"><a href="https://www.amazon.com/dp/B08LMTQ7ZF?tag=eloabder-20&linkCode=osi&th=1&psc=1"><img src="https://m.media-amazon.com/images/I/21vKPX2KHML._SL500_.jpg" alt="Product Image"></a><p>Lepro LED Desk Lamp for Home Office, 9.5W 750LM Metal Touch Control Desk Light, 5 Color Modes 5 Brightness Level, Eye Caring Task Lamp For Reading, Sewing, Crafts, School Supplies, Puzzle Light, Black</p><p> -13% 0FF </p><p>$24.99</p><a href="https://www.amazon.com/dp/B08LMTQ7ZF?tag=eloabder-20&linkCode=osi&th=1&psc=1">View Product</a></div>
<div class="product"><a href="https://www.amazon.com/dp/B0D7BXNDP4?tag=eloabder-20&linkCode=osi&th=1&psc=1"><img src="https://m.media-amazon.com/images/I/41DuEunZ1+L._SL500_.jpg" alt="Product Image"></a><p>Monitor Fan with Clamp & Light Bar Desk Lamp with fan for Office mini Desk fan small quiet with lamp for PC Laptops Tablet for Home Office Portable Working Reading Stand Lamp</p><p> -5% 0FF </p><p>$15.19</p><a href="https://www.amazon.com/dp/B0D7BXNDP4?tag=eloabder-20&linkCode=osi&th=1&psc=1">View Product</a></div><div class="product"><a href="https://www.amazon.com/dp/B07K1D41DC?tag=eloabder-20&linkCode=osi&th=1&psc=1"><img src="https://m.media-amazon.com/images/I/310MAouNV-L._SL500_.jpg" alt="Product Image"></a><p>OttLite Cool Breeze LED Lamp with Bladeless Fan - 3 Speed Options & 5 Brightness Settings with Energy Efficient Natural Daylight LEDs - Desktop, Table or Nightstand Lamp for Studying or Reading</p><p> -14% 0FF </p><p>$89.98</p><a href="https://www.amazon.com/dp/B07K1D41DC?tag=eloabder-20&linkCode=osi&th=1&psc=1">View Product</a></div>
<div class="product"><a href="https://www.amazon.com/dp/B0CXSXL1F2?tag=eloabder-20&linkCode=osi&th=1&psc=1"><img src="https://m.media-amazon.com/images/I/41H6cndt7iL._SL500_.jpg" alt="Product Image"></a><p>9 Pack Lined Sticky Notes 4x6 in Post Sticky Notes with Lines, 9 Bright Colors Self Sticky Notes Pad Its, Large Ruled Sticky Note for Office, Home, 35 Sheets/Pad</p><p> -33% 0FF </p><p>$7.99</p><a href="https://www.amazon.com/dp/B0CXSXL1F2?tag=eloabder-20&linkCode=osi&th=1&psc=1">View Product</a></div><div class="product"><a href="https://www.amazon.com/dp/B019QROV9S?tag=eloabder-20&linkCode=osi&th=1&psc=1"><img src="https://m.media-amazon.com/images/I/51OsStyntzL._SL500_.jpg" alt="Product Image"></a><p>Sharpie Clear View Highlighter Sticks, Chisel Tip, Assorted Fluorescent, 8 Count - School, Home, and Office Use, Teacher Supplies</p><p> -23% 0FF </p><p>$13.86</p><a href="https://www.amazon.com/dp/B019QROV9S?tag=eloabder-20&linkCode=osi&th=1&psc=1">View Product</a></div>
<div class="product"><a href="https://www.amazon.com/dp/B082PN4X5J?tag=eloabder-20&linkCode=osi&th=1&psc=1"><img src="https://m.media-amazon.com/images/I/51o+eA8g6nL._SL500_.jpg" alt="Product Image"></a><p>Sharpie S-Gel Gel Pens, Black Barrel, Medium Point (0.7mm), Black Gel Ink Pens, 12 Count - Home, Office, School, Journaling, Writing, Note-Taking, Teacher Supplies</p><p> -14% 0FF </p><p>$11.97</p><a href="https://www.amazon.com/dp/B082PN4X5J?tag=eloabder-20&linkCode=osi&th=1&psc=1">View Product</a></div><div class="product"><a href="https://www.amazon.com/dp/B0C9W8DD9S?tag=eloabder-20&linkCode=osi&th=1&psc=1"><img src="https://m.media-amazon.com/images/I/41mdSvEwNZL._SL500_.jpg" alt="Product Image"></a><p>Ddaowanx Gel Pens, 6 Pcs 0.5mm Quick Dry Black Ink Pens Fine Point Smooth Writing Pens, Cute Office School Supplies Gifts for Women</p><p> -10% 0FF </p><p>$8.99</p><a href="https://www.amazon.com/dp/B0C9W8DD9S?tag=eloabder-20&linkCode=osi&th=1&psc=1">View Product</a></div><div class="product"><a href="https://www.amazon.com/dp/B019QBOG3U?tag=eloabder-20&linkCode=osi&th=1&psc=1"><img src="https://m.media-amazon.com/images/I/416PjSebDoL._SL500_.jpg" alt="Product Image"></a><p>Paper Mate Colorful Gel Pens - InkJoy Gel Pens Assorted Medium Point (0.7). Perfect for Vibrant Colored Writing and Sketching with Paper Mate InkJoy 14 Count</p><p> -18% 0FF </p><p>$10.31</p><a href="https://www.amazon.com/dp/B019QBOG3U?tag=eloabder-20&linkCode=osi&th=1&psc=1">View Product</a></div><div class="product"><a href="https://www.amazon.com/dp/B0C73JDN4S?tag=eloabder-20&linkCode=osi&th=1&psc=1"><img src="https://m.media-amazon.com/images/I/51DJUUxL7HL._SL500_.jpg" alt="Product Image"></a><p>Linbsunne Ballpoint Pens Black Medium Point 1mm Pen with Super Soft Grip Ball Point Pen for Men Women Retractable Pens (gold-12 pcs)</p><p> -10% 0FF </p><p>$8.99</p><a href="https://www.amazon.com/dp/B0C73JDN4S?tag=eloabder-20&linkCode=osi&th=1&psc=1">View Product</a></div><div class="product"><a href="https://www.amazon.com/dp/B001OTA66O?tag=eloabder-20&linkCode=osi&th=1&psc=1"><img src="https://m.media-amazon.com/images/I/41yS5tBZQLL._SL500_.jpg" alt="Product Image"></a><p>BIC Glide Black Retractable Ballpoint Pens, Medium Point (1.0mm), 4-Count Pack, Ultra Smooth Writing Black Pens</p><p> -40% 0FF </p><p>$2.99</p><a href="https://www.amazon.com/dp/B001OTA66O?tag=eloabder-20&linkCode=osi&th=1&psc=1">View Product</a></div>
<div class="product"><a href="https://www.amazon.com/dp/B002HVXXCW?tag=eloabder-20&linkCode=osi&th=1&psc=1"><img src="https://m.media-amazon.com/images/I/41JeEedXCeL._SL500_.jpg" alt="Product Image"></a><p>Ticonderoga Wood-Cased Pencils, Pre-Sharpened, 2 HB Soft, Yellow, 10 Count</p><p> -58% 0FF </p><p>$2.49</p><a href="https://www.amazon.com/dp/B002HVXXCW?tag=eloabder-20&linkCode=osi&th=1&psc=1">View Product</a></div><div class="product"><a href="https://www.amazon.com/dp/B077Q4B6YN?tag=eloabder-20&linkCode=osi&th=1&psc=1"><img src="https://m.media-amazon.com/images/I/4160YcHGDNL._SL500_.jpg" alt="Product Image"></a><p>Paper Mate 2017483 Mechanical Pencils for Handwriting, Triangular, 5/PK, AST</p><p> -45% 0FF </p><p>$3.47</p><a href="https://www.amazon.com/dp/B077Q4B6YN?tag=eloabder-20&linkCode=osi&th=1&psc=1">View Product</a></div>
<div class="product"><a href="https://www.amazon.com/dp/B0D7YTZNRF?tag=eloabder-20&linkCode=osi&th=1&psc=1"><img src="https://m.media-amazon.com/images/I/41hSbSlNAmL._SL500_.jpg" alt="Product Image"></a><p>YASNAY Alcohol Markers, 48 Colors Dual Tip Art Marker, Drawing Markers, Coloring Marker for Kids Sketching Adult Coloring</p><p> -27% 0FF </p><p>$10.99</p><a href="https://www.amazon.com/dp/B0D7YTZNRF?tag=eloabder-20&linkCode=osi&th=1&psc=1">View Product</a></div><div class="product"><a href="https://www.amazon.com/dp/B07CJ8QXF8?tag=eloabder-20&linkCode=osi&th=1&psc=1"><img src="https://m.media-amazon.com/images/I/51bChi4-H4L._SL500_.jpg" alt="Product Image"></a><p>Dual Markers Brush Pens, 36 Fine Point Art Marker, Double Tip Colored Pen for Adult Coloring Hand Lettering, School Classroom Art Suppliers</p><p> -20% 0FF </p><p>$7.98</p><a href="https://www.amazon.com/dp/B07CJ8QXF8?tag=eloabder-20&linkCode=osi&th=1&psc=1">View Product</a></div><div class="product"><a href="https://www.amazon.com/dp/B071CP6X88?tag=eloabder-20&linkCode=osi&th=1&psc=1"><img src="https://m.media-amazon.com/images/I/41sNeEYkTNL._SL500_.jpg" alt="Product Image"></a><p>Crayola Super Tips Marker Set for Kids (100ct), Broad Tip & Fine Point Washable Art Markers for Kids, Bulk School Supplies, Teacher Classroom Must Haves, Drawing Supplies</p><p> -19% 0FF </p><p>$16.29</p><a href="https://www.amazon.com/dp/B071CP6X88?tag=eloabder-20&linkCode=osi&th=1&psc=1">View Product</a></div><div class="product"><a href="https://www.amazon.com/dp/B08MBFPFCQ?tag=eloabder-20&linkCode=osi&th=1&psc=1"><img src="https://m.media-amazon.com/images/I/51DaGL7Z4oL._SL500_.jpg" alt="Product Image"></a><p>Sharpie Permanent Markers Variety Pack, Includes Chisel, Fine, and Ultra-Fine Tips, Marker Set, Writing, Coloring, Poster, Office, School Supplies, Black, 6 Count</p><p> -19% 0FF </p><p>$4.63 ($0.77 / Count)</p><a href="https://www.amazon.com/dp/B08MBFPFCQ?tag=eloabder-20&linkCode=osi&th=1&psc=1">View Product</a></div>
<div class="product"><a href="https://www.amazon.com/dp/B09Y2KJ2KX?tag=eloabder-20&linkCode=osi&th=1&psc=1"><img src="https://m.media-amazon.com/images/I/41EhQr7suML._SL500_.jpg" alt="Product Image"></a><p>Sharpie Pocket Highlighters, Mild Pastel Colors, Assorted, Chisel Tip, 12 Count - School, Home, and Office Use, Teacher Supplies</p><p> -22% 0FF </p><p>$7.76 ($0.65 / Count)</p><a href="https://www.amazon.com/dp/B09Y2KJ2KX?tag=eloabder-20&linkCode=osi&th=1&psc=1">View Product</a></div><div class="product"><a href="https://www.amazon.com/dp/B08698MJWT?tag=eloabder-20&linkCode=osi&th=1&psc=1"><img src="https://m.media-amazon.com/images/I/512N7aYt5oL._SL500_.jpg" alt="Product Image"></a><p>Sharpie S-Note Creative Markers, Pastel Highlighters, Art Marker Set, Assorted Colors, Chisel Tip, 24 Count - School, Home, and Office Use, Teacher Supplies</p><p> -60% 0FF </p><p>$8.83</p><a href="https://www.amazon.com/dp/B08698MJWT?tag=eloabder-20&linkCode=osi&th=1&psc=1">View Product</a></div>
<div class="product"><a href="https://www.amazon.com/dp/B097DPQPYN?tag=eloabder-20&linkCode=osi&th=1&psc=1"><img src="https://m.media-amazon.com/images/I/51nFyQPtfkL._SL500_.jpg" alt="Product Image"></a><p>Sonuimy Pencil Sharpeners, 4 Pcs Pencil Sharpeners Manual,Dual Holes Compact Colored Handheld Pencil Sharpener for Kids with Lid Adults Students School Class Home Office (Covered)</p><p> -13% 0FF </p><p>$4.49</p><a href="https://www.amazon.com/dp/B097DPQPYN?tag=eloabder-20&linkCode=osi&th=1&psc=1">View Product</a></div><div class="product"><a href="https://www.amazon.com/dp/B000MFN1G8?tag=eloabder-20&linkCode=osi&th=1&psc=1"><img src="https://m.media-amazon.com/images/I/41JPflroUEL._SL500_.jpg" alt="Product Image"></a><p>Compact Desktop Electric Pencil Sharpener, Black, Sold as 1 Each</p><p> -21% 0FF </p><p>$15.89</p><a href="https://www.amazon.com/dp/B000MFN1G8?tag=eloabder-20&linkCode=osi&th=1&psc=1">View Product</a></div><div class="product"><a href="https://www.amazon.com/dp/B00125KXGI?tag=eloabder-20&linkCode=osi&th=1&psc=1"><img src="https://m.media-amazon.com/images/I/51avY0bZv6L._SL500_.jpg" alt="Product Image"></a><p>Bostitch Office Personal Electric Pencil Sharpener, Powerful Stall-Free Motor, High Capacity Shavings Tray, Blue</p><p> -13% 0FF </p><p>$17.48</p><a href="https://www.amazon.com/dp/B00125KXGI?tag=eloabder-20&linkCode=osi&th=1&psc=1">View Product</a></div><div class="product"><a href="https://www.amazon.com/dp/B078DZY9Z5?tag=eloabder-20&linkCode=osi&th=1&psc=1"><img src="https://m.media-amazon.com/images/I/41KbUFGrXfL._SL500_.jpg" alt="Product Image"></a><p>JARLINK Electric Pencil Sharpener, Heavy-Duty Helical Blade to Fast Sharpen, Auto Stop for No.2/Colored Pencils(6-8mm), AC Adapter/Battery Operated in School Classroom/Office/Home (Black)</p><p> -21% 0FF </p><p>$16.98</p><a href="https://www.amazon.com/dp/B078DZY9Z5?tag=eloabder-20&linkCode=osi&th=1&psc=1">View Product</a></div><div class="product"><a href="https://www.amazon.com/dp/B08DLXH86D?tag=eloabder-20&linkCode=osi&th=1&psc=1"><img src="https://m.media-amazon.com/images/I/41UghsnBycL._SL500_.jpg" alt="Product Image"></a><p>Aogwat Pencil Sharpener Electric Pencil Sharpener for Kids, Blade to Fast Sharpen, Suitable for No.2/School/Classroom/Office/Home (Black)</p><p> -23% 0FF </p><p>$9.99</p><a href="https://www.amazon.com/dp/B08DLXH86D?tag=eloabder-20&linkCode=osi&th=1&psc=1">View Product</a></div><div class="product"><a href="https://www.amazon.com/dp/B000GP0VIU?tag=eloabder-20&linkCode=osi&th=1&psc=1"><img src="https://m.media-amazon.com/images/I/318OKKSwzbL._SL500_.jpg" alt="Product Image"></a><p>Bostitch Office Wall Mount Manual Pencil Sharpener, Tip Saver, 8 Hole Dial, 6X Longer Cutter Life, Vertical or Horizontal Mounting Black (MPS1-BLK)</p><p> -9% 0FF </p><p>$13.18</p><a href="https://www.amazon.com/dp/B000GP0VIU?tag=eloabder-20&linkCode=osi&th=1&psc=1">View Product</a></div>
<div class="product"><a href="https://www.amazon.com/dp/B00094H4LU?tag=eloabder-20&linkCode=osi&th=1&psc=1"><img src="https://m.media-amazon.com/images/I/41f-fbZYU1L._SL500_.jpg" alt="Product Image"></a><p>Paper Mate Erasers | Pink Pearl Large Erasers 12 Count</p><p> -55% 0FF </p><p>$6.03</p><a href="https://www.amazon.com/dp/B00094H4LU?tag=eloabder-20&linkCode=osi&th=1&psc=1">View Product</a></div><div class="product"><a href="https://www.amazon.com/dp/B07DPVVMWB?tag=eloabder-20&linkCode=osi&th=1&psc=1"><img src="https://m.media-amazon.com/images/I/51wLlsENgiL._SL500_.jpg" alt="Product Image"></a><p>Mr. Pen Erasers for Pencils, 120 Pack, Pencil Top Erasers, Eraser Caps, Cap Tops, Topper Erasers. Ereaser</p><p> -24% 0FF </p><p>$5.95</p><a href="https://www.amazon.com/dp/B07DPVVMWB?tag=eloabder-20&linkCode=osi&th=1&psc=1">View Product</a></div><div class="product"><a href="https://www.amazon.com/dp/B07144DC8V?tag=eloabder-20&linkCode=osi&th=1&psc=1"><img src="https://m.media-amazon.com/images/I/51Ed1+HW9cL._SL500_.jpg" alt="Product Image"></a><p>Pentel Hi-Polymer Block Eraser, White, 10/Box (ZEH10PC10)</p><p> -44% 0FF </p><p>$9.99</p><a href="https://www.amazon.com/dp/B07144DC8V?tag=eloabder-20&linkCode=osi&th=1&psc=1">View Product</a></div><div class="product"><a href="https://www.amazon.com/dp/B0047CT6SE?tag=eloabder-20&linkCode=osi&th=1&psc=1"><img src="https://m.media-amazon.com/images/I/41bhWXKeeiL._SL500_.jpg" alt="Product Image"></a><p>Pentel Clic Retractable Eraser with Grip, 3 Pack</p><p> -29% 0FF </p><p>$4.77</p><a href="https://www.amazon.com/dp/B0047CT6SE?tag=eloabder-20&linkCode=osi&th=1&psc=1">View Product</a></div>
<div class="product"><a href="https://www.amazon.com/dp/B09S9X3HV7?tag=eloabder-20&linkCode=osi&th=1&psc=1"><img src="https://m.media-amazon.com/images/I/51GgMyfl5VL._SL500_.jpg" alt="Product Image"></a><p>Color Transparent Ruler Plastic Rulers - Ruler 12 inch, Kids Ruler for School, Ruler with Centimeters, Millimeter and Inches, Assorted Colors, Clear Rulers, 7 Pack School Rulers</p><p> -16% 0FF </p><p>$5.99</p><a href="https://www.amazon.com/dp/B09S9X3HV7?tag=eloabder-20&linkCode=osi&th=1&psc=1">View Product</a></div><div class="product"><a href="https://www.amazon.com/dp/B06XK9VQM4?tag=eloabder-20&linkCode=osi&th=1&psc=1"><img src="https://m.media-amazon.com/images/I/51Glln3n-nL._SL500_.jpg" alt="Product Image"></a><p>Outus 12 Pack Wood Ruler Bulk for Students Wooden School Rulers Gifts Office Classroom Measuring, 2 Scale, 12 Inch and 30 cm</p><p> -6% 0FF </p><p>$7.99</p><a href="https://www.amazon.com/dp/B06XK9VQM4?tag=eloabder-20&linkCode=osi&th=1&psc=1">View Product</a></div><div class="product"><a href="https://www.amazon.com/dp/B0B5MLTG7J?tag=eloabder-20&linkCode=osi&th=1&psc=1"><img src="https://m.media-amazon.com/images/I/51z9LUxLKmL._SL500_.jpg" alt="Product Image"></a><p>DAGONGREN 30 Pack Clear Plastic Rulers 12 Inch,Transparent Assorted Color Metric Bulk Rulers with Inches and Centimeters,Kids Ruler for School,Home,Office</p><p> -9% 0FF </p><p>$9.99</p><a href="https://www.amazon.com/dp/B0B5MLTG7J?tag=eloabder-20&linkCode=osi&th=1&psc=1">View Product</a></div><div class="product"><a href="https://www.amazon.com/dp/B096MPPF53?tag=eloabder-20&linkCode=osi&th=1&psc=1"><img src="https://m.media-amazon.com/images/I/51qUpElDRcS._SL500_.jpg" alt="Product Image"></a><p>Tenare 1 Set Plastic Clear Math Set Includes Protractor Triangle Rulers 12 Inch 6 Inch Straight Geometry Math Transparent Ruler Measuring Tool for School Office Home Supplies(Clear)</p><p> -25% 0FF </p><p>$5.98</p><a href="https://www.amazon.com/dp/B096MPPF53?tag=eloabder-20&linkCode=osi&th=1&psc=1">View Product</a></div>
<div class="product"><a href="https://www.amazon.com/dp/B07YDDX4JL?tag=eloabder-20&linkCode=osi&th=1&psc=1"><img src="https://m.media-amazon.com/images/I/41oBPZwCRLL._SL500_.jpg" alt="Product Image"></a><p>3-Pack 8" Heavy Duty Scissors with Ultra Sharp Blades and Comfort Grip Handles - For Office, Home, School, Sewing, and Crafts</p><p> -15% 0FF </p><p>$8.49 ($2.83 / Count)</p><a href="https://www.amazon.com/dp/B07YDDX4JL?tag=eloabder-20&linkCode=osi&th=1&psc=1">View Product</a></div><div class="product"><a href="https://www.amazon.com/dp/B01BRGU8R0?tag=eloabder-20&linkCode=osi&th=1&psc=1"><img src="https://m.media-amazon.com/images/I/41ANVra+eNL._SL500_.jpg" alt="Product Image"></a><p>Amazon Basics Stainless Steel Scissors for Office, Crafts, Multipurpose, Sharp, Comfort Grip, PVD Coated, 3 Pack, Multicolor</p><p> -45% 0FF </p><p>$7.55</p><a href="https://www.amazon.com/dp/B01BRGU8R0?tag=eloabder-20&linkCode=osi&th=1&psc=1">View Product</a></div><div class="product"><a href="https://www.amazon.com/dp/B000P0LNRE?tag=eloabder-20&linkCode=osi&th=1&psc=1"><img src="https://m.media-amazon.com/images/I/41fWgMTO0JL._SL500_.jpg" alt="Product Image"></a><p>Westcott 8-Inch Titanium-Bonded Scissors with Adjustable Glide Feature for Office and Home - Gray/Yellow, 2-Pack</p><p> -33% 0FF </p><p>$9.97</p><a href="https://www.amazon.com/dp/B000P0LNRE?tag=eloabder-20&linkCode=osi&th=1&psc=1">View Product</a></div>
<div class="product"><a href="https://www.amazon.com/dp/B074ZRZ4CZ?tag=eloabder-20&linkCode=osi&th=1&psc=1"><img src="https://m.media-amazon.com/images/I/41bu+HKxC2L._SL500_.jpg" alt="Product Image"></a><p>Swingline Commercial Stapler, 20 Sheet Capacity, Jam Free, Metal, 2 Pack, Black (44401AZ)</p><p> -5% 0FF </p><p>$18.98</p><a href="https://www.amazon.com/dp/B074ZRZ4CZ?tag=eloabder-20&linkCode=osi&th=1&psc=1">View Product</a></div><div class="product"><a href="https://www.amazon.com/dp/B001PME62K?tag=eloabder-20&linkCode=osi&th=1&psc=1"><img src="https://m.media-amazon.com/images/I/41gbaJu-3iL._SL500_.jpg" alt="Product Image"></a><p>Swingline Stapler, 40 Sheet Capacity, Optima 40, Jam Free, Reduced Effort, Soft Grip, Metal, Orange and Gray (87845)</p><p> -14% 0FF </p><p>$24.19</p><a href="https://www.amazon.com/dp/B001PME62K?tag=eloabder-20&linkCode=osi&th=1&psc=1">View Product</a></div><div class="product"><a href="https://www.amazon.com/dp/B0D2JBKYM1?tag=eloabder-20&linkCode=osi&th=1&psc=1"><img src="https://m.media-amazon.com/images/I/41zFTU9QpfL._SL500_.jpg" alt="Product Image"></a><p>Bostitch Office Stapler, No-Jam Premium for Desktop, Includes 1,250 Staples, Full-Strip, 25 Sheet Capacity, Black</p><p> -26% 0FF </p><p>$6.99</p><a href="https://www.amazon.com/dp/B0D2JBKYM1?tag=eloabder-20&linkCode=osi&th=1&psc=1">View Product</a></div><div class="product"><a href="https://www.amazon.com/dp/B0CC5GJKM1?tag=eloabder-20&linkCode=osi&th=1&psc=1"><img src="https://m.media-amazon.com/images/I/41JDDoSZQiL._SL500_.jpg" alt="Product Image"></a><p>Metal Stapler Heavy Duty 50 Sheet Capacity with 1750 Staples and Staple Remover, Full Strip Staplers for Desk, No Jam, Non-Slip for Office & Classroom, Black</p><p> -33% 0FF </p><p>$13.29</p><a href="https://www.amazon.com/dp/B0CC5GJKM1?tag=eloabder-20&linkCode=osi&th=1&psc=1">View Product</a></div><div class="product"><a href="https://www.amazon.com/dp/B0006HUQZ6?tag=eloabder-20&linkCode=osi&th=1&psc=1"><img src="https://m.media-amazon.com/images/I/31e-T-f1TGL._SL500_.jpg" alt="Product Image"></a><p>Swingline Stapler, 30 Sheet Capacity, 747 Business Stapler, Jam Free, Metal, Rio Red (74736)</p><p> -23% 0FF </p><p>$15.30</p><a href="https://www.amazon.com/dp/B0006HUQZ6?tag=eloabder-20&linkCode=osi&th=1&psc=1">View Product</a></div>
<div class="product"><a href="https://www.amazon.com/dp/B00J8PJJF0?tag=eloabder-20&linkCode=osi&th=1&psc=1"><img src="https://m.media-amazon.com/images/I/418dc+5ZGkL._SL500_.jpg" alt="Product Image"></a><p>Bostitch Office Premium Standard Staples, 1/4" Full Strip, Box of 5,000 Staples</p><p> -27% 0FF </p><p>$4.39</p><a href="https://www.amazon.com/dp/B00J8PJJF0?tag=eloabder-20&linkCode=osi&th=1&psc=1">View Product</a></div><div class="product"><a href="https://www.amazon.com/dp/B079VYR12V?tag=eloabder-20&linkCode=osi&th=1&psc=1"><img src="https://m.media-amazon.com/images/I/51xAt88vqrL._SL500_.jpg" alt="Product Image"></a><p>Officemate Standard Staples, 10 Boxes General Purpose Staple (91950)</p><p> -10% 0FF </p><p>$14.37</p><a href="https://www.amazon.com/dp/B079VYR12V?tag=eloabder-20&linkCode=osi&th=1&psc=1">View Product</a></div><div class="product"><a href="https://www.amazon.com/dp/B00006IFMQ?tag=eloabder-20&linkCode=osi&th=1&psc=1"><img src="https://m.media-amazon.com/images/I/51UsWZuFq8L._SL500_.jpg" alt="Product Image"></a><p>Bostitch Office B8 PowerCrown 0.25 Inch Staples, Pack of 5,000 Staples (STCRP21151/4), Silver</p><p> -30% 0FF </p><p>$2.33</p><a href="https://www.amazon.com/dp/B00006IFMQ?tag=eloabder-20&linkCode=osi&th=1&psc=1">View Product</a></div>
<div class="product"><a href="https://www.amazon.com/dp/B000J07BRQ?tag=eloabder-20&linkCode=osi&th=1&psc=1"><img src="https://m.media-amazon.com/images/I/51QpJKjajbL._SL500_.jpg" alt="Product Image"></a><p>Scotch Heavy Duty Shipping Packing Tape, Clear, Packing Tape for Moving Boxes and Packaging Supplies, 1.88 in. x 22.2 yd., 6 Roll Dispensers, Moving Supplies</p><p> -35% 0FF </p><p>$12.99</p><a href="https://www.amazon.com/dp/B000J07BRQ?tag=eloabder-20&linkCode=osi&th=1&psc=1">View Product</a></div><div class="product"><a href="https://www.amazon.com/dp/B0000DH8HQ?tag=eloabder-20&linkCode=osi&th=1&psc=1"><img src="https://m.media-amazon.com/images/I/414lAY+087L._SL500_.jpg" alt="Product Image"></a><p>Scotch Magic Tape, Invisible Transparent Tape, 6 Tape Rolls with Dispensers, 3/4 in x 650 in</p><p> -23% 0FF </p><p>$12.34</p><a href="https://www.amazon.com/dp/B0000DH8HQ?tag=eloabder-20&linkCode=osi&th=1&psc=1">View Product</a></div><div class="product"><a href="https://www.amazon.com/dp/B0DQHV6X92?tag=eloabder-20&linkCode=osi&th=1&psc=1"><img src="https://m.media-amazon.com/images/I/51ViCFlgldL._SL500_.jpg" alt="Product Image"></a><p>BeataTap Tape, Invisible Tape, 6 Rolls + 6 Refillable Dispensers, Matte Finish, Writable, 3/4″ x 650″, Transparent Tape, Clear Tape for Gift Wrapping Paper, School Supplies</p><p> -15% 0FF </p><p>$5.94 ($0.99 / Count)</p><a href="https://www.amazon.com/dp/B0DQHV6X92?tag=eloabder-20&linkCode=osi&th=1&psc=1">View Product</a></div><div class="product"><a href="https://www.amazon.com/dp/B07CB6LN5S?tag=eloabder-20&linkCode=osi&th=1&psc=1"><img src="https://m.media-amazon.com/images/I/41NNyeISnjL._SL500_.jpg" alt="Product Image"></a><p>Scotch Super-Hold Tape, 2 Rolls, Transparent Finish, 50% More Adhesive, Trusted Favorite, 3/4 x 600 Inches, Dispensered (198DM-2)</p><p> -30% 0FF </p><p>$5.97</p><a href="https://www.amazon.com/dp/B07CB6LN5S?tag=eloabder-20&linkCode=osi&th=1&psc=1">View Product</a></div><div class="product"><a href="https://www.amazon.com/dp/B00464740A?tag=eloabder-20&linkCode=osi&th=1&psc=1"><img src="https://m.media-amazon.com/images/I/51ZPFoiGfuL._SL500_.jpg" alt="Product Image"></a><p>Scotch Sure Start Shipping Packaging Tape, 1.88" x 22.2 yd, Designed for Packing, Shipping and Mailing, Quiet Unwind, No Splitting or Tearing, 1.5" Core, Clear, 6 Dispensered Rolls (145-6)</p><p> -28% 0FF </p><p>$13.48</p><a href="https://www.amazon.com/dp/B00464740A?tag=eloabder-20&linkCode=osi&th=1&psc=1">View Product</a></div><div class="product"><a href="https://www.amazon.com/dp/B09C6LLG9P?tag=eloabder-20&linkCode=osi&th=1&psc=1"><img src="https://m.media-amazon.com/images/I/41rbv66ZNBL._SL500_.jpg" alt="Product Image"></a><p>Scotch Box Lock Packaging Tape, 1 Roll with Dispenser, 1.88 in x 1000 in, Extreme Grip, Sticks Instantly to Any Box (195L)</p><p> -31% 0FF </p><p>$4.12</p><a href="https://www.amazon.com/dp/B09C6LLG9P?tag=eloabder-20&linkCode=osi&th=1&psc=1">View Product</a></div>
<div class="product"><a href="https://www.amazon.com/dp/B08QQZ71CV?tag=eloabder-20&linkCode=osi&th=1&psc=1"><img src="https://m.media-amazon.com/images/I/51Foz0aGYoS._SL500_.jpg" alt="Product Image"></a><p>Gorilla Super Glue, Clear Glue, Four 3 Gram Tubes (Pack of 1) - All Purpose and Fast Setting for Projects and Repairs</p><p> -25% 0FF </p><p>$9.49 ($22.60 / Ounce)</p><a href="https://www.amazon.com/dp/B08QQZ71CV?tag=eloabder-20&linkCode=osi&th=1&psc=1">View Product</a></div><div class="product"><a href="https://www.amazon.com/dp/B07J6R3GK7?tag=eloabder-20&linkCode=osi&th=1&psc=1"><img src="https://m.media-amazon.com/images/I/31kdOjGBkpL._SL500_.jpg" alt="Product Image"></a><p>Amazon Basics All Purpose Washable School Clear Liquid Glue - Great for Making Slime, 128 fl oz</p><p> -6% 0FF </p><p>$16.13</p><a href="https://www.amazon.com/dp/B07J6R3GK7?tag=eloabder-20&linkCode=osi&th=1&psc=1">View Product</a></div><div class="product"><a href="https://www.amazon.com/dp/B00178QQJ8?tag=eloabder-20&linkCode=osi&th=1&psc=1"><img src="https://m.media-amazon.com/images/I/41zs6k410RL._SL500_.jpg" alt="Product Image"></a><p>Mod Podge Gloss Sealer, Glue & Finish: All-in-One Craft Solution- Quick Dry, Easy Clean, for Wood, Paper, Fabric & More. Non-Toxic - Craft with Confidence, Made in USA, 16 oz., Pack of 1</p><p> -36% 0FF </p><p>$7.99 ($0.50 / Fl Oz)</p><a href="https://www.amazon.com/dp/B00178QQJ8?tag=eloabder-20&linkCode=osi&th=1&psc=1">View Product</a></div><div class="product"><a href="https://www.amazon.com/dp/B073V14DZJ?tag=eloabder-20&linkCode=osi&th=1&psc=1"><img src="https://m.media-amazon.com/images/I/31Iyy5+vk6L._SL500_.jpg" alt="Product Image"></a><p>Amazon Basics All Purpose Washable School Craft Liquid Glue for Making Slime, White, Single Pack, 1 Gallon</p><p> -7% 0FF </p><p>$15.54</p><a href="https://www.amazon.com/dp/B073V14DZJ?tag=eloabder-20&linkCode=osi&th=1&psc=1">View Product</a></div><div class="product"><a href="https://www.amazon.com/dp/B0006HUJCQ?tag=eloabder-20&linkCode=osi&th=1&psc=1"><img src="https://m.media-amazon.com/images/I/511pTqChTCL._SL500_.jpg" alt="Product Image"></a><p>Loctite Super Glue Gel Control, Clear, 0.14 fl oz Bottle, 1 Pack - Superglue for Plastic, Wood, Metal, Crafts & Repair, Cyanoacrylate Adhesive Instant Glue, Quick Dry</p><p> -13% 0FF </p><p>$3.64 ($26.00 / Fl Oz)</p><a href="https://www.amazon.com/dp/B0006HUJCQ?tag=eloabder-20&linkCode=osi&th=1&psc=1">View Product</a></div>
<div class="product"><a href="https://www.amazon.com/dp/B074XTRX7K?tag=eloabder-20&linkCode=osi&th=1&psc=1"><img src="https://m.media-amazon.com/images/I/31rOPIrMfDL._SL500_.jpg" alt="Product Image"></a><p>Amazon Basics Sturdy Binder Clips for Office Use, 96 Count (8 Pack of 12), Medium, 1.25 in, Black</p><p> -26% 0FF </p><p>$7.48</p><a href="https://www.amazon.com/dp/B074XTRX7K?tag=eloabder-20&linkCode=osi&th=1&psc=1">View Product</a></div><div class="product"><a href="https://www.amazon.com/dp/B00TQ8FDB8?tag=eloabder-20&linkCode=osi&th=1&psc=1"><img src="https://m.media-amazon.com/images/I/51y7lUrMLnL._SL500_.jpg" alt="Product Image"></a><p>ACCO Binder Clips, Medium, Black, 12 per Box, 2 Boxes (72062)</p><p> -25% 0FF </p><p>$5.96</p><a href="https://www.amazon.com/dp/B00TQ8FDB8?tag=eloabder-20&linkCode=osi&th=1&psc=1">View Product</a></div><div class="product"><a href="https://www.amazon.com/dp/B08KWCDP3C?tag=eloabder-20&linkCode=osi&th=1&psc=1"><img src="https://m.media-amazon.com/images/I/41qucDz6HuL._SL500_.jpg" alt="Product Image"></a><p>Ufmarine Medium Binder Clips 1.25 inch Length, (40 Pcs) Colorful Paper Clips Medium for Office</p><p> -12% 0FF </p><p>$5.99</p><a href="https://www.amazon.com/dp/B08KWCDP3C?tag=eloabder-20&linkCode=osi&th=1&psc=1">View Product</a></div>
<div class="product"><a href="https://www.amazon.com/dp/B09XQLJFDD?tag=eloabder-20&linkCode=osi&th=1&psc=1"><img src="https://m.media-amazon.com/images/I/41iiSFMy4uL._SL500_.jpg" alt="Product Image"></a><p>PAPERPAL Paperclips for Office School & Personal Use, #1 Nonskid Paper Clip (1-2/7"), 600 Medium Paper Clips (6 Boxes of 100 Each), Silver</p><p> -20% 0FF </p><p>$7.99</p><a href="https://www.amazon.com/dp/B09XQLJFDD?tag=eloabder-20&linkCode=osi&th=1&psc=1">View Product</a></div>

<div class="product"><a href="https://www.amazon.com/dp/B004I2G8NO?tag=eloabder-20&linkCode=osi&th=1&psc=1"><img src="https://m.media-amazon.com/images/I/51WEsLRINGL._SL500_.jpg" alt="Product Image"></a><p>Business Source Rubber Band, Natural (1914LB)</p><p> -26% 0FF </p><p>$4.00</p><a href="https://www.amazon.com/dp/B004I2G8NO?tag=eloabder-20&linkCode=osi&th=1&psc=1">View Product</a></div><div class="product"><a href="https://www.amazon.com/dp/B077GDY1LP?tag=eloabder-20&linkCode=osi&th=1&psc=1"><img src="https://m.media-amazon.com/images/I/41nn0nmNTiL._SL500_.jpg" alt="Product Image"></a><p>ANNIE 1000 RUBBER BANDS 1/2" #BLACK</p><p> -7% 0FF </p><p>$4.90 ($1.22 / Count)</p><a href="https://www.amazon.com/dp/B077GDY1LP?tag=eloabder-20&linkCode=osi&th=1&psc=1">View Product</a></div><div class="product"><a href="https://www.amazon.com/dp/B000783OPI?tag=eloabder-20&linkCode=osi&th=1&psc=1"><img src="https://m.media-amazon.com/images/I/510okXKzMqL._SL500_.jpg" alt="Product Image"></a><p>Universal 00419 19-Size Rubber Bands (335 Per Pack), Beige</p><p> -29% 0FF </p><p>$3.44</p><a href="https://www.amazon.com/dp/B000783OPI?tag=eloabder-20&linkCode=osi&th=1&psc=1">View Product</a></div><div class="product"><a href="https://www.amazon.com/dp/B00006IBRU?tag=eloabder-20&linkCode=osi&th=1&psc=1"><img src="https://m.media-amazon.com/images/I/51pU5khkX8L._SL500_.jpg" alt="Product Image"></a><p>ALL26335 - Alliance Rubber 26335 Advantage Rubber Bands - Size #33, Natural, 1 Pound 3 x 1/8 inches</p><p> -62% 0FF </p><p>$3.29</p><a href="https://www.amazon.com/dp/B00006IBRU?tag=eloabder-20&linkCode=osi&th=1&psc=1">View Product</a></div>
<div class="product"><a href="https://www.amazon.com/dp/B0DSKTZBB6?tag=eloabder-20&linkCode=osi&th=1&psc=1"><img src="https://m.media-amazon.com/images/I/415YD3kNFlL._SL500_.jpg" alt="Product Image"></a><p>300 Count Colored Index Cards 3 x 5 Inch Ruled Index Cards, Flash Cards College Ruled for School, College, Office and Home Organization, Durable Study To Do List Note Cards with Ruled Lines</p><p> -10% 0FF </p><p>$6.29</p><a href="https://www.amazon.com/dp/B0DSKTZBB6?tag=eloabder-20&linkCode=osi&th=1&psc=1">View Product</a></div><div class="product"><a href="https://www.amazon.com/dp/B09JYQZQ3V?tag=eloabder-20&linkCode=osi&th=1&psc=1"><img src="https://m.media-amazon.com/images/I/41y5vfnutuL._SL500_.jpg" alt="Product Image"></a><p>Oxford Index Cards, 3 x 5 Inches, White, Lined on Front, Blank on Back, Flashcards for School and Studying, Recipe Note Cards, 500 Count (5 Packs of 100) (40176)</p><p> -22% 0FF </p><p>$7.01</p><a href="https://www.amazon.com/dp/B09JYQZQ3V?tag=eloabder-20&linkCode=osi&th=1&psc=1">View Product</a></div>
<div class="product"><a href="https://www.amazon.com/dp/B00P9U2EM8?tag=eloabder-20&linkCode=osi&th=1&psc=1"><img src="https://m.media-amazon.com/images/I/41Op5kyIukL._SL500_.jpg" alt="Product Image"></a><p>Mead Spiral Notebook, 6 Pack, 1 Subject, College Ruled Paper, 7-1/2" x 10-1/2", 70 Sheets per Notebook, Colors Will Vary (830062-ECM25)</p><p> -46% 0FF </p><p>$6.71</p><a href="https://www.amazon.com/dp/B00P9U2EM8?tag=eloabder-20&linkCode=osi&th=1&psc=1">View Product</a></div><div class="product"><a href="https://www.amazon.com/dp/B0CQN8FVJX?tag=eloabder-20&linkCode=osi&th=1&psc=1"><img src="https://m.media-amazon.com/images/I/414WVVoGFPL._SL500_.jpg" alt="Product Image"></a><p>SUNEE Spiral Notebooks, 1-Subject, 5 Pack, College Ruled Paper, 8" x 10-1/2", 70 Sheets per Notebook,3-Hole Punched Paper, Pink,Purple, Blue, Green, Yellow Spiral Lined Notebooks for School,Work</p><p> -29% 0FF </p><p>$9.99</p><a href="https://www.amazon.com/dp/B0CQN8FVJX?tag=eloabder-20&linkCode=osi&th=1&psc=1">View Product</a></div><div class="product"><a href="https://www.amazon.com/dp/B08NYRMWZ8?tag=eloabder-20&linkCode=osi&th=1&psc=1"><img src="https://m.media-amazon.com/images/I/41y1cnNXtOL._SL500_.jpg" alt="Product Image"></a><p>Yansanido Spiral Notebook, 4 Pcs 8.3 Inch x 5.9 Inch A5 Thick Plastic Hardcover 8mm Ruled 4 Color 80 Sheets -160 Pages Journals for Study and Notes (style 10-Wine Red,Brown,Green,ivory, A5)</p><p> -23% 0FF </p><p>$9.99</p><a href="https://www.amazon.com/dp/B08NYRMWZ8?tag=eloabder-20&linkCode=osi&th=1&psc=1">View Product</a></div><div class="product"><a href="https://www.amazon.com/dp/B08VF9VYLZ?tag=eloabder-20&linkCode=osi&th=1&psc=1"><img src="https://m.media-amazon.com/images/I/41ktUSmtHAL._SL500_.jpg" alt="Product Image"></a><p>Oxford Spiral Notebooks, 6 Pack, 1 Subject, Wide Ruled Notebooks for School, 8 x 10.5 Inches, 70 Sheets, Assorted Pastel Colors, Back to School Supplies (63757)</p><p> -6% 0FF </p><p>$8.99</p><a href="https://www.amazon.com/dp/B08VF9VYLZ?tag=eloabder-20&linkCode=osi&th=1&psc=1">View Product</a></div>
<div class="product"><a href="https://www.amazon.com/dp/B0FDRCSXZH?tag=eloabder-20&linkCode=osi&th=1&psc=1"><img src="https://m.media-amazon.com/images/I/41rYztS-0zL._SL500_.jpg" alt="Product Image"></a><p>5pcs Small Note Pads, Color Notepads 5x8 College Ruled Notebook, Writing Pads 5 x 8, Legal Pads, Memo Pad Paper Perforate Narrow Ruled Notebooks for Work, School, Office Supplies,30 Sheets/Pack</p><p> -14% 0FF </p><p>$5.99</p><a href="https://www.amazon.com/dp/B0FDRCSXZH?tag=eloabder-20&linkCode=osi&th=1&psc=1">View Product</a></div><div class="product"><a href="https://www.amazon.com/dp/B0BZQNCV62?tag=eloabder-20&linkCode=osi&th=1&psc=1"><img src="https://m.media-amazon.com/images/I/41yNqvqCwoL._SL500_.jpg" alt="Product Image"></a><p>Alitte Legal Notepads 8.5 x 11, Pack of 12 - Perforated Wide Ruled Writing Pad - Premium Thick Paper, No Ink Bleeding - Blank Legal Pads For Home, Office, School, Business - 50 Sheets Per Notebook</p><p> -17% 0FF </p><p>$24.99</p><a href="https://www.amazon.com/dp/B0BZQNCV62?tag=eloabder-20&linkCode=osi&th=1&psc=1">View Product</a></div>
<div class="product"><a href="https://www.amazon.com/dp/B0C7S1PCX4?tag=eloabder-20&linkCode=osi&th=1&psc=1"><img src="https://m.media-amazon.com/images/I/41nVRBg2klL._SL500_.jpg" alt="Product Image"></a><p>Oxford 8.5 x 11 Legal Pads, 12 Pack, Wide Ruled, Yellow Paper, 50 Sheets Per Writing Pad, Made in the USA (74020)</p><p> -30% 0FF </p><p>$12.60</p><a href="https://www.amazon.com/dp/B0C7S1PCX4?tag=eloabder-20&linkCode=osi&th=1&psc=1">View Product</a></div><div class="product"><a href="https://www.amazon.com/dp/B0CGF22134?tag=eloabder-20&linkCode=osi&th=1&psc=1"><img src="https://m.media-amazon.com/images/I/41FzLgeXAyL._SL500_.jpg" alt="Product Image"></a><p>MSKKSM Legal Pads 8.5 x 11, 3 Pack Yellow Note Pads 8.5 x 11 Writing Pads, Wide Ruled Legal Notepads, Lined Pads of Paper Yellow Paper Pads, 30 Sheets Per Notepad for School, Home, Office, Business</p><p> -17% 0FF </p><p>$9.99</p><a href="https://www.amazon.com/dp/B0CGF22134?tag=eloabder-20&linkCode=osi&th=1&psc=1">View Product</a></div><div class="product"><a href="https://www.amazon.com/dp/B0FCMWHFC2?tag=eloabder-20&linkCode=osi&th=1&psc=1"><img src="https://m.media-amazon.com/images/I/41MMVFB-S4L._SL500_.jpg" alt="Product Image"></a><p>5pcs Legal Pads 8.5 x 11, Notepads 8.5 x 11 Inch, Color Note Pads Clear Print Writing Pads of Paper, Memo Pads , Perforate Legal Notepads Paper , Wide Ruled Lined with Sturdy Back,30 Sheets/Pack</p><p> -8% 0FF </p><p>$11.99</p><a href="https://www.amazon.com/dp/B0FCMWHFC2?tag=eloabder-20&linkCode=osi&th=1&psc=1">View Product</a></div>
<div class="product"><a href="https://www.amazon.com/dp/B08H593JZG?tag=eloabder-20&linkCode=osi&th=1&psc=1"><img src="https://m.media-amazon.com/images/I/415Ykzo-lyL._SL500_.jpg" alt="Product Image"></a><p>Eastern Wolf 8 Pads Sticky Notes 3x3 Self-Stick Notes 8 Bright Multi Colors Purple Sticky Notes, 85 Sheet/Pad</p><p> -20% 0FF </p><p>$5.59</p><a href="https://www.amazon.com/dp/B08H593JZG?tag=eloabder-20&linkCode=osi&th=1&psc=1">View Product</a></div><div class="product"><a href="https://www.amazon.com/dp/B0BPJW13CM?tag=eloabder-20&linkCode=osi&th=1&psc=1"><img src="https://m.media-amazon.com/images/I/41uKwTyz1rL._SL500_.jpg" alt="Product Image"></a><p>Post-it 100% Recycled Paper Super Sticky Notes, 2X The Sticking Power, 3x3 in, 5 Pads, 70 Sheets/Pad, Wanderlust Pastels Collection (654R-5SSNRP)</p><p> -33% 0FF </p><p>$5.98</p><a href="https://www.amazon.com/dp/B0BPJW13CM?tag=eloabder-20&linkCode=osi&th=1&psc=1">View Product</a></div><div class="product"><a href="https://www.amazon.com/dp/B0D6RPPK9H?tag=eloabder-20&linkCode=osi&th=1&psc=1"><img src="https://m.media-amazon.com/images/I/41O8zZ-RN4L._SL500_.jpg" alt="Product Image"></a><p>(18 Pads) Sticky Notes 3x3 inch, Self-Stick Pads Bright Colors Sticky Note, Recyclable, Easy to Post for Home, Office, Notebook</p><p> -40% 0FF </p><p>$8.39</p><a href="https://www.amazon.com/dp/B0D6RPPK9H?tag=eloabder-20&linkCode=osi&th=1&psc=1">View Product</a></div><div class="product"><a href="https://www.amazon.com/dp/B0CMGJ6FRB?tag=eloabder-20&linkCode=osi&th=1&psc=1"><img src="https://m.media-amazon.com/images/I/41xF9DqIGZL._SL500_.jpg" alt="Product Image"></a><p>Sticky Notes, 12 Pads, 3x3 inches, Soft Pastel Self-Stick Note Pads, Perfect for Office, Study, and Daily Life Organization - Soft Pastel</p><p> -16% 0FF </p><p>$5.06</p><a href="https://www.amazon.com/dp/B0CMGJ6FRB?tag=eloabder-20&linkCode=osi&th=1&psc=1">View Product</a></div>
<div class="product"><a href="https://www.amazon.com/dp/B07VRYX57R?tag=eloabder-20&linkCode=osi&th=1&psc=1"><img src="https://m.media-amazon.com/images/I/410XbLRqukL._SL500_.jpg" alt="Product Image"></a><p>(24 Pack) Sticky Notes 3x3 in Post Bright Stickies Colorful Super Sticking Power Memo Pads, Strong Adhesive, 74 Sheets/pad</p><p> -35% 0FF </p><p>$16.99</p><a href="https://www.amazon.com/dp/B07VRYX57R?tag=eloabder-20&linkCode=osi&th=1&psc=1">View Product</a></div><div class="product"><a href="https://www.amazon.com/dp/B00QSR9PRI?tag=eloabder-20&linkCode=osi&th=1&psc=1"><img src="https://m.media-amazon.com/images/I/31n-YNlgraL._SL500_.jpg" alt="Product Image"></a><p>Amazon Basics Narrow Ruled Lined Writing Note Pad, 5 inch x 8 inch, White, 12 Count (12 Pack of 50 pages)</p><p> -6% 0FF </p><p>$8.78</p><a href="https://www.amazon.com/dp/B00QSR9PRI?tag=eloabder-20&linkCode=osi&th=1&psc=1">View Product</a></div><div class="product"><a href="https://www.amazon.com/dp/B0D5M4D3NN?tag=eloabder-20&linkCode=osi&th=1&psc=1"><img src="https://m.media-amazon.com/images/I/41uzPvHBCDL._SL500_.jpg" alt="Product Image"></a><p>(12 Pack) Lined Sticky Notes 4x6 in Ruled Stickies Super Sticking Power Memo Pads Bright Colors</p><p> -40% 0FF </p><p>$8.98</p><a href="https://www.amazon.com/dp/B0D5M4D3NN?tag=eloabder-20&linkCode=osi&th=1&psc=1">View Product</a></div><div class="product"><a href="https://www.amazon.com/dp/B0CQK3M5VK?tag=eloabder-20&linkCode=osi&th=1&psc=1"><img src="https://m.media-amazon.com/images/I/31jKEzc1qFL._SL500_.jpg" alt="Product Image"></a><p>Note Pads 4x6 Inch, 6 Pack Blank Scratch Pads, 50 Sheets Per Memo Pad for Writing, White Pad of Paper Suit for Home, Office and School, Tear off Notepad, Small Server Notebook</p><p> -10% 0FF </p><p>$6.29</p><a href="https://www.amazon.com/dp/B0CQK3M5VK?tag=eloabder-20&linkCode=osi&th=1&psc=1">View Product</a></div>
<div class="product"><a href="https://www.amazon.com/dp/B0F5D4VNBX?tag=eloabder-20&linkCode=osi&th=1&psc=1"><img src="https://m.media-amazon.com/images/I/41SnXbixNcL._SL500_.jpg" alt="Product Image"></a><p>Blue Sky 2026 Weekly and Monthly Planner Calendar, Includes January 2026 - December 2026, 5" x 8", Flexible Cover, Wirebound, Laminated Tabs, Enterprise</p><p> -10% 0FF </p><p>$8.99</p><a href="https://www.amazon.com/dp/B0F5D4VNBX?tag=eloabder-20&linkCode=osi&th=1&psc=1">View Product</a></div><div class="product"><a href="https://www.amazon.com/dp/B0FRNQDRCR?tag=eloabder-20&linkCode=osi&th=1&psc=1"><img src="https://m.media-amazon.com/images/I/51rBf1oJchL._SL500_.jpg" alt="Product Image"></a><p>Essential PRO 2026 Daily, Weekly & Monthly Planner, 7"x9": 14 Months (Nov 2025 - Dec 2026) Monthly Tabs,Daily Tracking,Notes Pages,Storage Pocket,Bookmark w Sticky Notes (Tree Seasons)</p><p> -14% 0FF </p><p>$29.95</p><a href="https://www.amazon.com/dp/B0FRNQDRCR?tag=eloabder-20&linkCode=osi&th=1&psc=1">View Product</a></div><div class="product"><a href="https://www.amazon.com/dp/B0DYBQWJ5S?tag=eloabder-20&linkCode=osi&th=1&psc=1"><img src="https://m.media-amazon.com/images/I/41UP6Ui7BjL._SL500_.jpg" alt="Product Image"></a><p>AT-A-GLANCE 2026 Appointment Book Planner, Weekly, 8" x 11", Large, Quarter-Hourly, DayMinder, Black (G5200026)</p><p> -45% 0FF </p><p>$15.87</p><a href="https://www.amazon.com/dp/B0DYBQWJ5S?tag=eloabder-20&linkCode=osi&th=1&psc=1">View Product</a></div><div class="product"><a href="https://www.amazon.com/dp/B0DJ8SXCR4?tag=eloabder-20&linkCode=osi&th=1&psc=1"><img src="https://m.media-amazon.com/images/I/41sRmmLvCsL._SL500_.jpg" alt="Product Image"></a><p>Planner 2025-2026, Weekly and Monthly Calendar Academic Planner (July 2025 - June 2026), Hardcover Teacher School Student Agenda with Tabs, Ideal for School Office Supplies, A5 (6.3" x 8.5") - Green</p><p> -25% 0FF </p><p>$8.99</p><a href="https://www.amazon.com/dp/B0DJ8SXCR4?tag=eloabder-20&linkCode=osi&th=1&psc=1">View Product</a></div><div class="product"><a href="https://www.amazon.com/dp/B0D2VW43KP?tag=eloabder-20&linkCode=osi&th=1&psc=1"><img src="https://m.media-amazon.com/images/I/41eyA1Q1U4L._SL500_.jpg" alt="Product Image"></a><p>Forvencer 2026 Planner, Hardcover Calendar Planner Weekly and Monthly, January 2026 - December 2026, 8.5" x 11", Spiral Agenda Book with Tabs, Exquisite Daily Journal with Inner Pocket, Organizer Notebook for Office Home School, A4 Size, Green</p><p> -41% 0FF </p><p>$9.99</p><a href="https://www.amazon.com/dp/B0D2VW43KP?tag=eloabder-20&linkCode=osi&th=1&psc=1">View Product</a></div>
<div class="product"><a href="https://www.amazon.com/dp/B0DYBYRY3R?tag=eloabder-20&linkCode=osi&th=1&psc=1"><img src="https://m.media-amazon.com/images/I/41oxPcKnCuL._SL500_.jpg" alt="Product Image"></a><p>AT-A-GLANCE 2026 Desk Calendar, Monthly, Desk Pad, 21-3/4" x 17", Large, Ruled Blocks (SK240026)</p><p> -19% 0FF </p><p>$11.89</p><a href="https://www.amazon.com/dp/B0DYBYRY3R?tag=eloabder-20&linkCode=osi&th=1&psc=1">View Product</a></div><div class="product"><a href="https://www.amazon.com/dp/B0DXQ416QR?tag=eloabder-20&linkCode=osi&th=1&psc=1"><img src="https://m.media-amazon.com/images/I/41o3YUjfIVL._SL500_.jpg" alt="Product Image"></a><p>Aesthetic 2025-2026 Wall Calendar - Runs from May 2025 Until December 2026 - The Perfect Modern Calendar Planner for Easy Organizing</p><p> -43% 0FF </p><p>$3.99</p><a href="https://www.amazon.com/dp/B0DXQ416QR?tag=eloabder-20&linkCode=osi&th=1&psc=1">View Product</a></div><div class="product"><a href="https://www.amazon.com/dp/B0CCRXKSK8?tag=eloabder-20&linkCode=osi&th=1&psc=1"><img src="https://m.media-amazon.com/images/I/51eOdkimr+L._SL500_.jpg" alt="Product Image"></a><p>SUNEE Wall Calendar 2025-2026 Large 22.75"x15.5", 21 Month Calendar from October 2025 to June 2027, Vertical Extra Large Monthly Calendar 2026 for Wall, Seasons Color</p><p> -24% 0FF </p><p>$15.19</p><a href="https://www.amazon.com/dp/B0CCRXKSK8?tag=eloabder-20&linkCode=osi&th=1&psc=1">View Product</a></div><div class="product"><a href="https://www.amazon.com/dp/B0F7HZ7C9G?tag=eloabder-20&linkCode=osi&th=1&psc=1"><img src="https://m.media-amazon.com/images/I/41rkKO18HGL._SL500_.jpg" alt="Product Image"></a><p>Beautiful 2025-2026 Wall Calendar - Runs from July 2025 until December 2026 – Large 14.5" x 11.5" Office Wall Calendar for Easy Organizing</p><p> -10% 0FF </p><p>$8.99</p><a href="https://www.amazon.com/dp/B0F7HZ7C9G?tag=eloabder-20&linkCode=osi&th=1&psc=1">View Product</a></div><div class="product"><a href="https://www.amazon.com/dp/B0DYDC7ZLV?tag=eloabder-20&linkCode=osi&th=1&psc=1"><img src="https://m.media-amazon.com/images/I/51MOLWJ45HL._SL500_.jpg" alt="Product Image"></a><p>XISIDO 2025-2026 Wall Calendar, Calendar 2025-2026, 18 Month Calendar July 2025 - December 2026, 14.8" X 11.5", Calendar with Twin-Wire Binding, Hanging Hook and Julian Dates (Seasonal Designs)</p><p> -20% 0FF </p><p>$7.99</p><a href="https://www.amazon.com/dp/B0DYDC7ZLV?tag=eloabder-20&linkCode=osi&th=1&psc=1">View Product</a></div><div class="product"><a href="https://www.amazon.com/dp/B0D2KCVBBD?tag=eloabder-20&linkCode=osi&th=1&psc=1"><img src="https://m.media-amazon.com/images/I/51Eg-3ZKZxL._SL500_.jpg" alt="Product Image"></a><p>XISIDO Calendar 2025-2026, 18 Months Wall Calendar July 2025 to Dec 2026 Calendar with Julian Dates, 11" X 8.5" (Colorful)</p><p> -33% 0FF </p><p>$3.99</p><a href="https://www.amazon.com/dp/B0D2KCVBBD?tag=eloabder-20&linkCode=osi&th=1&psc=1">View Product</a></div><div class="product"><a href="https://www.amazon.com/dp/B0DY7R9226?tag=eloabder-20&linkCode=osi&th=1&psc=1"><img src="https://m.media-amazon.com/images/I/41eTUjCfzFL._SL500_.jpg" alt="Product Image"></a><p>Lbylyhxc Wall Calendar 2025-2026 - Runs from July 2025 to December 2026-18 Monthly Calendar 2026. Thick Paper includes major holidays and dedicated space for notes and important dates (Colorful Calendar 2025-2026)</p><p> -50% 0FF </p><p>$2.49</p><a href="https://www.amazon.com/dp/B0DY7R9226?tag=eloabder-20&linkCode=osi&th=1&psc=1">View Product</a></div>
<div class="product"><a href="https://www.amazon.com/dp/B00NI5LVAW?tag=eloabder-20&linkCode=osi&th=1&psc=1"><img src="https://m.media-amazon.com/images/I/31X0RgqQ1ML._SL500_.jpg" alt="Product Image"></a><p>Pendaflex File Folders, Letter Size, 1/3 Cut, Manila, 250 per Box (752250)</p><p> -11% 0FF </p><p>$26.50</p><a href="https://www.amazon.com/dp/B00NI5LVAW?tag=eloabder-20&linkCode=osi&th=1&psc=1">View Product</a></div><div class="product"><a href="https://www.amazon.com/dp/B0D1YBFHS8?tag=eloabder-20&linkCode=osi&th=1&psc=1"><img src="https://m.media-amazon.com/images/I/41qkHxiS+vL._SL500_.jpg" alt="Product Image"></a><p>SUNEE File Folders, 30 Pack Manilla Folders 8.5 x 11, Colored File Folders Home Office School Supplies for Documents Files Paper, 6 Assorted Colors</p><p> -26% 0FF </p><p>$9.99</p><a href="https://www.amazon.com/dp/B0D1YBFHS8?tag=eloabder-20&linkCode=osi&th=1&psc=1">View Product</a></div><div class="product"><a href="https://www.amazon.com/dp/B000DZ9XGO?tag=eloabder-20&linkCode=osi&th=1&psc=1"><img src="https://m.media-amazon.com/images/I/31WKzTB-4WL._SL500_.jpg" alt="Product Image"></a><p>Oxford Two-Pocket Folders, Assorted Colors, Letter Size, 25 per box (57513)</p><p> -32% 0FF </p><p>$12.23</p><a href="https://www.amazon.com/dp/B000DZ9XGO?tag=eloabder-20&linkCode=osi&th=1&psc=1">View Product</a></div><div class="product"><a href="https://www.amazon.com/dp/B0F8H75MLS?tag=eloabder-20&linkCode=osi&th=1&psc=1"><img src="https://m.media-amazon.com/images/I/41GV18+8+zL._SL500_.jpg" alt="Product Image"></a><p>Plastic Folders with Pockets, 6 Pack Document Folders with Business Card Slot, 2 Pocket Folders Back to School Supplies for Kids, Office</p><p> -33% 0FF </p><p>$5.99</p><a href="https://www.amazon.com/dp/B0F8H75MLS?tag=eloabder-20&linkCode=osi&th=1&psc=1">View Product</a></div><div class="product"><a href="https://www.amazon.com/dp/B0CPDTKFVF?tag=eloabder-20&linkCode=osi&th=1&psc=1"><img src="https://m.media-amazon.com/images/I/41PQ8ToLyhL._SL500_.jpg" alt="Product Image"></a><p>Aegero Plastic Folders with Pockets (7 Pack, Assorted Colors), Durable Heavy Duty File Folders with Business Card Slot, 2-Pocket Folder for Schoolwork & Office,Letter Size…</p><p> -11% 0FF </p><p>$7.99</p><a href="https://www.amazon.com/dp/B0CPDTKFVF?tag=eloabder-20&linkCode=osi&th=1&psc=1">View Product</a></div>
<div class="product"><a href="https://www.amazon.com/dp/B0CSPT4RFH?tag=eloabder-20&linkCode=osi&th=1&psc=1"><img src="https://m.media-amazon.com/images/I/31O8kdFg7FL._SL500_.jpg" alt="Product Image"></a><p>Two Tone Color File Folders 8.5 x 11 Inch, 1/3 Cut Tab File Folders Letter Size, Assorted Colors, Blue Red Green Yellow Orange Manila File Folders, School Business Office Folders for Document -15 Pack</p><p> -13% 0FF </p><p>$6.99</p><a href="https://www.amazon.com/dp/B0CSPT4RFH?tag=eloabder-20&linkCode=osi&th=1&psc=1">View Product</a></div><div class="product"><a href="https://www.amazon.com/dp/B01MXC0YS5?tag=eloabder-20&linkCode=osi&th=1&psc=1"><img src="https://m.media-amazon.com/images/I/41YLerNwKTL._SL500_.jpg" alt="Product Image"></a><p>Pendaflex Hanging File Folders, Letter Size, Assorted Colors, 1/5-Cut Adjustable Tabs, 25 Per Box (81663)</p><p> -7% 0FF </p><p>$13.99</p><a href="https://www.amazon.com/dp/B01MXC0YS5?tag=eloabder-20&linkCode=osi&th=1&psc=1">View Product</a></div><div class="product"><a href="https://www.amazon.com/dp/B0896Q5MMC?tag=eloabder-20&linkCode=osi&th=1&psc=1"><img src="https://m.media-amazon.com/images/I/41jDOLSqtWL._SL500_.jpg" alt="Product Image"></a><p>Pendaflex Two Tone Color File Folders, Letter Size, Assorted Colors (Teal, Violet, Gray, Navy and Burgundy), 1/3-Cut Tabs, 5 Color, 100/Box, (02315)</p><p> -27% 0FF </p><p>$13.89</p><a href="https://www.amazon.com/dp/B0896Q5MMC?tag=eloabder-20&linkCode=osi&th=1&psc=1">View Product</a></div><div class="product"><a href="https://www.amazon.com/dp/B0D1YCC6KK?tag=eloabder-20&linkCode=osi&th=1&psc=1"><img src="https://m.media-amazon.com/images/I/31aHHvZVc+L._SL500_.jpg" alt="Product Image"></a><p>SUNEE File Folders, 30 Pack Manilla Folders 8.5 x 11, Colored File Folders Home Office School Supplies for Documents Files Paper,6 Pastel Colors</p><p> -26% 0FF </p><p>$9.99</p><a href="https://www.amazon.com/dp/B0D1YCC6KK?tag=eloabder-20&linkCode=osi&th=1&psc=1">View Product</a></div>
<div class="product"><a href="https://www.amazon.com/dp/B0FGXLHFDD?tag=eloabder-20&linkCode=osi&th=1&psc=1"><img src="https://m.media-amazon.com/images/I/414ng1TKsOL._SL500_.jpg" alt="Product Image"></a><p>Trandraft Plastic Extra Capacity Hanging File Folders, 5 Inch Expanding Pocket with Movable Dividers, Letter Size Black File Folders with Insertable Tabs for Filing Cabine</p><p> -5% 0FF </p><p>$18.99</p><a href="https://www.amazon.com/dp/B0FGXLHFDD?tag=eloabder-20&linkCode=osi&th=1&psc=1">View Product</a></div><div class="product"><a href="https://www.amazon.com/dp/B08QTW4GJT?tag=eloabder-20&linkCode=osi&th=1&psc=1"><img src="https://m.media-amazon.com/images/I/41OVgNttdnL._SL500_.jpg" alt="Product Image"></a><p>Pendaflex Reinforced Hanging Folders, Letter Size, Assorted Colors 1/5 Cut, Tabs and Inserts, 25 Per Box (41522AMZ)</p><p> -32% 0FF </p><p>$13.99</p><a href="https://www.amazon.com/dp/B08QTW4GJT?tag=eloabder-20&linkCode=osi&th=1&psc=1">View Product</a></div><div class="product"><a href="https://www.amazon.com/dp/B07Y67ZCJS?tag=eloabder-20&linkCode=osi&th=1&psc=1"><img src="https://m.media-amazon.com/images/I/51g37Wkw2CL._SL500_.jpg" alt="Product Image"></a><p>EASEPRES 5 Pocket Mesh Hanging Wall File Organizer, Wall Mounted Mail Paper Document Folder Holder, Clipboard Storage Organization Magazine Rack with Nametag Label for Office Home School, Black</p><p> -30% 0FF </p><p>$22.99</p><a href="https://www.amazon.com/dp/B07Y67ZCJS?tag=eloabder-20&linkCode=osi&th=1&psc=1">View Product</a></div><div class="product"><a href="https://www.amazon.com/dp/B0CGWNNBCV?tag=eloabder-20&linkCode=osi&th=1&psc=1"><img src="https://m.media-amazon.com/images/I/31SGzCfPDcL._SL500_.jpg" alt="Product Image"></a><p>SUNEE 25 Count Hanging File Folders, Pastel Colors, Hanging File Folders Letter Size, Hanging Folders with 1/5-cut Tabs, Designed for Bulky Files, Filing Cabinets, Medical Charts</p><p> -15% 0FF </p><p>$16.99</p><a href="https://www.amazon.com/dp/B0CGWNNBCV?tag=eloabder-20&linkCode=osi&th=1&psc=1">View Product</a></div><div class="product"><a href="https://www.amazon.com/dp/B00006IF4G?tag=eloabder-20&linkCode=osi&th=1&psc=1"><img src="https://m.media-amazon.com/images/I/31LuYqWSObL._SL500_.jpg" alt="Product Image"></a><p>Smead Standard Hanging File Folders, 25 Count, Assorted Primaries, 1/5-Cut Adjustable Tabs, Letter Size (64059)</p><p> -7% 0FF </p><p>$13.55</p><a href="https://www.amazon.com/dp/B00006IF4G?tag=eloabder-20&linkCode=osi&th=1&psc=1">View Product</a></div>
<div class="product"><a href="https://www.amazon.com/dp/B0C77GP9XB?tag=eloabder-20&linkCode=osi&th=1&psc=1"><img src="https://m.media-amazon.com/images/I/415Jszg3LKL._SL500_.jpg" alt="Product Image"></a><p>SKYDUE Expanding File Organizer with 8 Pockets, Accordion File Folders with Labels, Portable Document Paper Bill Receipt Organizer, Home College School Office Supplies, Letter Size, Blue</p><p> -13% 0FF </p><p>$6.98</p><a href="https://www.amazon.com/dp/B0C77GP9XB?tag=eloabder-20&linkCode=osi&th=1&psc=1">View Product</a></div><div class="product"><a href="https://www.amazon.com/dp/B0013CETUQ?tag=eloabder-20&linkCode=osi&th=1&psc=1"><img src="https://m.media-amazon.com/images/I/51GxTzd4XbL._SL500_.jpg" alt="Product Image"></a><p>Pendaflex R217DHD Heavy-Duty Expanding Open Top File, 31 Pockets, 1/3 Tab, Letter, Brown</p><p> -36% 0FF </p><p>$15.90</p><a href="https://www.amazon.com/dp/B0013CETUQ?tag=eloabder-20&linkCode=osi&th=1&psc=1">View Product</a></div><div class="product"><a href="https://www.amazon.com/dp/B000UHJCZC?tag=eloabder-20&linkCode=osi&th=1&psc=1"><img src="https://m.media-amazon.com/images/I/31bbG1gUU2L._SL500_.jpg" alt="Product Image"></a><p>Pendaflex Expanding File Pockets, Letter Size, Redrope, 3.5" Expansion, Reinforced with DuPont™ Tyvek® Material, Redrope, 25 per Box (1524E-OX)</p><p> -9% 0FF </p><p>$27.37</p><a href="https://www.amazon.com/dp/B000UHJCZC?tag=eloabder-20&linkCode=osi&th=1&psc=1">View Product</a></div><div class="product"><a href="https://www.amazon.com/dp/B000FD9YHM?tag=eloabder-20&linkCode=osi&th=1&psc=1"><img src="https://m.media-amazon.com/images/I/511Yz6zbRaL._SL500_.jpg" alt="Product Image"></a><p>Pendaflex Heavy Duty Expanding File with Extra-Thick Cover, Tyvek Reinforced Edges, 21 Pockets, A–Z Tabs, Elastic Cord Closure, Letter Size (R117ALHD),Brown</p><p> -14% 0FF </p><p>$14.99</p><a href="https://www.amazon.com/dp/B000FD9YHM?tag=eloabder-20&linkCode=osi&th=1&psc=1">View Product</a></div>
<div class="product"><a href="https://www.amazon.com/dp/B07GKPZDG4?tag=eloabder-20&linkCode=osi&th=1&psc=1"><img src="https://m.media-amazon.com/images/I/51sUuF8kU-L._SL500_.jpg" alt="Product Image"></a><p>Cardinal Economy 3 Ring Binder, 1.5 Inch, Presentation View, Black, Holds 350 Sheets, Nonstick, PVC Free, 4 Pack of Binders (79519)</p><p> -42% 0FF </p><p>$9.19</p><a href="https://www.amazon.com/dp/B07GKPZDG4?tag=eloabder-20&linkCode=osi&th=1&psc=1">View Product</a></div><div class="product"><a href="https://www.amazon.com/dp/B0BF57LL4V?tag=eloabder-20&linkCode=osi&th=1&psc=1"><img src="https://m.media-amazon.com/images/I/317fBolZ+4L._SL500_.jpg" alt="Product Image"></a><p>1-inch 3 Ring Binder with 2 Interior Pockets, 1'' Basic Binders Holds US Letter Size 8.5'' x 11'' Paper - Versatile Binders for Office, Home, and School Use, 6 Pack (White)</p><p> -15% 0FF </p><p>$24.64</p><a href="https://www.amazon.com/dp/B0BF57LL4V?tag=eloabder-20&linkCode=osi&th=1&psc=1">View Product</a></div><div class="product"><a href="https://www.amazon.com/dp/B0BXKQ7YTW?tag=eloabder-20&linkCode=osi&th=1&psc=1"><img src="https://m.media-amazon.com/images/I/416TyBdEZYL._SL500_.jpg" alt="Product Image"></a><p>SUNEE 3 Ring Binder 1 Inch 4 Pack, Clear View 1" Binders Three Ring PVC-Free (Fit 8.5x11 Inches) for School or Office Supplies, Assorted Pastel</p><p> -17% 0FF </p><p>$14.85</p><a href="https://www.amazon.com/dp/B0BXKQ7YTW?tag=eloabder-20&linkCode=osi&th=1&psc=1">View Product</a></div><div class="product"><a href="https://www.amazon.com/dp/B0D2ZF8FHZ?tag=eloabder-20&linkCode=osi&th=1&psc=1"><img src="https://m.media-amazon.com/images/I/31smaJgK7vL._SL500_.jpg" alt="Product Image"></a><p>BinderX Extra Durable 3 Ring Binder, Round Rings 1 Inch Binder, Fits 175 Sheets of 8.5x11 Paper, Customizable View Cover with Inside Pockets, Cute 1" Binders, 1 Inch Binders 3 Ring, Pink</p><p> -36% 0FF </p><p>$8.99</p><a href="https://www.amazon.com/dp/B0D2ZF8FHZ?tag=eloabder-20&linkCode=osi&th=1&psc=1">View Product</a></div><div class="product"><a href="https://www.amazon.com/dp/B001B0GJDU?tag=eloabder-20&linkCode=osi&th=1&psc=1"><img src="https://m.media-amazon.com/images/I/41vpkaYBqsL._SL500_.jpg" alt="Product Image"></a><p>Avery Heavy-Duty View 3 Ring Binder, 1" One Touch Slant Rings, Holds 8.5" x 11" Paper, 1 Black Binder (05300)</p><p> -46% 0FF </p><p>$5.89</p><a href="https://www.amazon.com/dp/B001B0GJDU?tag=eloabder-20&linkCode=osi&th=1&psc=1">View Product</a></div>
<div class="product"><a href="https://www.amazon.com/dp/B092CM3KVX?tag=eloabder-20&linkCode=osi&th=1&psc=1"><img src="https://m.media-amazon.com/images/I/51kltWaLgmL._SL500_.jpg" alt="Product Image"></a><p>Avery Write & Erase Dividers for 3 Ring Binders, 8 Tabs per Set, Multicolor Big Tabs, Pastels, Binder Dividers Great for Organizing Reports, Projects, and More (16271)</p><p> -31% 0FF </p><p>$3.90</p><a href="https://www.amazon.com/dp/B092CM3KVX?tag=eloabder-20&linkCode=osi&th=1&psc=1">View Product</a></div><div class="product"><a href="https://www.amazon.com/dp/B08WBYPVGJ?tag=eloabder-20&linkCode=osi&th=1&psc=1"><img src="https://m.media-amazon.com/images/I/31NPQ52TfAL._SL500_.jpg" alt="Product Image"></a><p>Oxford Blank Write On Binder Dividers, 1/5 Cut Tabs, 3 Hole Punch Dividers in 5 Tab Sets, 100 Dividers, 20 Sets, White (89981)</p><p> -5% 0FF </p><p>$15.19</p><a href="https://www.amazon.com/dp/B08WBYPVGJ?tag=eloabder-20&linkCode=osi&th=1&psc=1">View Product</a></div><div class="product"><a href="https://www.amazon.com/dp/B0CZL39ZHS?tag=eloabder-20&linkCode=osi&th=1&psc=1"><img src="https://m.media-amazon.com/images/I/41APO6LBeCL._SL500_.jpg" alt="Product Image"></a><p>Forvencer 8 Count Dividers with Two Pockets, 8 tabs Binder Dividers for 3 Ring Binder Organizer, Multicolor, 1 Set</p><p> -25% 0FF </p><p>$5.99</p><a href="https://www.amazon.com/dp/B0CZL39ZHS?tag=eloabder-20&linkCode=osi&th=1&psc=1">View Product</a></div><div class="product"><a href="https://www.amazon.com/dp/B01FKMCNL6?tag=eloabder-20&linkCode=osi&th=1&psc=1"><img src="https://m.media-amazon.com/images/I/510vgT9G85L._SL500_.jpg" alt="Product Image"></a><p>Avery Binder Dividers - 5-Tab Insertable Multicolor Big Tabs for Binders, 6 Sets of Dividers (11109)</p><p> -11% 0FF </p><p>$5.78</p><a href="https://www.amazon.com/dp/B01FKMCNL6?tag=eloabder-20&linkCode=osi&th=1&psc=1">View Product</a></div><div class="product"><a href="https://www.amazon.com/dp/B0CQ4YNHX8?tag=eloabder-20&linkCode=osi&th=1&psc=1"><img src="https://m.media-amazon.com/images/I/315hb+NtGGL._SL500_.jpg" alt="Product Image"></a><p>Binder Dividers for 3 Ring Binder, 1/5 Cut Tabs, Letter Size, Blank Write On Page Dividers with 5 Big Tabs for School Office Home, 4 Sets, 20 Dividers, White</p><p> -14% 0FF </p><p>$5.98</p><a href="https://www.amazon.com/dp/B0CQ4YNHX8?tag=eloabder-20&linkCode=osi&th=1&psc=1">View Product</a></div><div class="product"><a href="https://www.amazon.com/dp/B01HC4KIVW?tag=eloabder-20&linkCode=osi&th=1&psc=1"><img src="https://m.media-amazon.com/images/I/412g1OcKv-L._SL500_.jpg" alt="Product Image"></a><p>Avery Big Tab Write & Erase Durable Plastic Dividers for 3 Ring Binders, 8-Tab Set, Bright Multicolor, 1 Set (16130)</p><p> -23% 0FF </p><p>$4.33</p><a href="https://www.amazon.com/dp/B01HC4KIVW?tag=eloabder-20&linkCode=osi&th=1&psc=1">View Product</a></div><div class="product"><a href="https://www.amazon.com/dp/B0000AQOB0?tag=eloabder-20&linkCode=osi&th=1&psc=1"><img src="https://m.media-amazon.com/images/I/51ek4ZNke4L._SL500_.jpg" alt="Product Image"></a><p>Avery 12 Tab Dividers for 3 Ring Binders, Customizable Table of Contents, Multicolor Tabs, 6 Sets (11196)</p><p> -36% 0FF </p><p>$17.99</p><a href="https://www.amazon.com/dp/B0000AQOB0?tag=eloabder-20&linkCode=osi&th=1&psc=1">View Product</a></div>
<div class="product"><a href="https://www.amazon.com/dp/B07R795LTM?tag=eloabder-20&linkCode=osi&th=1&psc=1"><img src="https://m.media-amazon.com/images/I/31OAmU6E5kL._SL500_.jpg" alt="Product Image"></a><p>Amazon Basics Polypropylene (PP) Sheet Protector, Non-Glare, 200 Pack, Clear</p><p> -13% 0FF </p><p>$10.40</p><a href="https://www.amazon.com/dp/B07R795LTM?tag=eloabder-20&linkCode=osi&th=1&psc=1">View Product</a></div><div class="product"><a href="https://www.amazon.com/dp/B0D62ZBV24?tag=eloabder-20&linkCode=osi&th=1&psc=1"><img src="https://m.media-amazon.com/images/I/41n9XbYoyhL._SL500_.jpg" alt="Product Image"></a><p>Aegero 65 Pack Clear Sheet Protectors, 8.5 x 11 inch Page Protectors for 3 Ring Binder,Top Loading Paper Protector for Documents and Photos,Letter Size</p><p> -20% 0FF </p><p>$3.99</p><a href="https://www.amazon.com/dp/B0D62ZBV24?tag=eloabder-20&linkCode=osi&th=1&psc=1">View Product</a></div><div class="product"><a href="https://www.amazon.com/dp/B08CMG5MCB?tag=eloabder-20&linkCode=osi&th=1&psc=1"><img src="https://m.media-amazon.com/images/I/410BZVBSLLL._SL500_.jpg" alt="Product Image"></a><p>Sheet Protectors, PANDRI 500 Pack Clear Heavy Duty Plastic Page Protectors Sheet Reinforced 11-Hole Fit for 3 Ring Binder Fits Standard 8.5 x 11 Paper, 9.25 x 11.25 Top Loaded, Excluding Acid</p><p> -15% 0FF </p><p>$22.94</p><a href="https://www.amazon.com/dp/B08CMG5MCB?tag=eloabder-20&linkCode=osi&th=1&psc=1">View Product</a></div><div class="product"><a href="https://www.amazon.com/dp/B0DZ6J73VW?tag=eloabder-20&linkCode=osi&th=1&psc=1"><img src="https://m.media-amazon.com/images/I/41NNzcs8bsL._SL500_.jpg" alt="Product Image"></a><p>TUOKCALB 50 Pack Clear Sheet Protectors for 3 Ring Binder, Polypropylene Acid-Free Material, 8.5 x 11 Inch Letter Size, Protector of Your Documents</p><p> -18% 0FF </p><p>$3.29</p><a href="https://www.amazon.com/dp/B0DZ6J73VW?tag=eloabder-20&linkCode=osi&th=1&psc=1">View Product</a></div><div class="product"><a href="https://www.amazon.com/dp/B0D294F9GZ?tag=eloabder-20&linkCode=osi&th=1&psc=1"><img src="https://m.media-amazon.com/images/I/41szN7I4ozL._SL500_.jpg" alt="Product Image"></a><p>Sheet Protectors 8.5 x11 Inch, 100 Pack Page Protectors for 3 Ring Binder, Top Loading Plastic Sleeves with Reinforced 3-Hole Punch for Binders, Letter Size, for Documents and Photos, Office Supplies.</p><p> -23% 0FF </p><p>$9.99</p><a href="https://www.amazon.com/dp/B0D294F9GZ?tag=eloabder-20&linkCode=osi&th=1&psc=1">View Product</a></div><div class="product"><a href="https://www.amazon.com/dp/B0D59XF4D3?tag=eloabder-20&linkCode=osi&th=1&psc=1"><img src="https://m.media-amazon.com/images/I/41EpBhN87iL._SL500_.jpg" alt="Product Image"></a><p>DOSEWART 70Pack Sheet Protectors, Clear Heavy Duty Plastic Page Protectors for 3 Ring Binder, Top Loading Sheet Protectors 8.5 x 11” for Photo, Paper, Document Protector</p><p> -43% 0FF </p><p>$3.99</p><a href="https://www.amazon.com/dp/B0D59XF4D3?tag=eloabder-20&linkCode=osi&th=1&psc=1">View Product</a></div>
<div class="product"><a href="https://www.amazon.com/dp/B000T9MP5U?tag=eloabder-20&linkCode=osi&th=1&psc=1"><img src="https://m.media-amazon.com/images/I/41zOycTbMML._SL500_.jpg" alt="Product Image"></a><p>Mead #10 Security Business Envelopes Letter Size 4-1/8" x 9-1/2" – Peel and Seal, Privacy Lined, No-Window, Press-It Seal-It Self-Adhesive for Home & Office Mailing, 45 Count (75026)</p><p> -13% 0FF </p><p>$3.57</p><a href="https://www.amazon.com/dp/B000T9MP5U?tag=eloabder-20&linkCode=osi&th=1&psc=1">View Product</a></div><div class="product"><a href="https://www.amazon.com/dp/B06VVLD2GL?tag=eloabder-20&linkCode=osi&th=1&psc=1"><img src="https://m.media-amazon.com/images/I/11zBoWnx9uL._SL500_.jpg" alt="Product Image"></a><p>Amazon Basics 10 Security-Tinted Self-Seal Business Letter Envelopes, Peel & Seal Adhesive Closure, White, 500-Pack</p><p> -5% 0FF </p><p>$18.04</p><a href="https://www.amazon.com/dp/B06VVLD2GL?tag=eloabder-20&linkCode=osi&th=1&psc=1">View Product</a></div><div class="product"><a href="https://www.amazon.com/dp/B07FMDV5LR?tag=eloabder-20&linkCode=osi&th=1&psc=1"><img src="https://m.media-amazon.com/images/I/41jTu3FDgaL._SL500_.jpg" alt="Product Image"></a><p>Quality Park #6 3/4 Self-Seal Security Envelopes, Security Tint and Pattern, Redi-Strip Closure, 24-lb White Wove, 3-5/8 x 6-1/2, 100/Box (QUA10417)</p><p> -23% 0FF </p><p>$4.99</p><a href="https://www.amazon.com/dp/B07FMDV5LR?tag=eloabder-20&linkCode=osi&th=1&psc=1">View Product</a></div>
<div class="product"><a href="https://www.amazon.com/dp/B00004Z5SM?tag=eloabder-20&linkCode=osi&th=1&psc=1"><img src="https://m.media-amazon.com/images/I/41LHX+FB2PL._SL500_.jpg" alt="Product Image"></a><p>Avery Easy Peel Printable Address Labels with Sure Feed, 1" x 2-5/8" Customizable Stickers, White, 750 Blank Mailing Labels, Great for Mailing, Shipping, and More (8160)</p><p> -48% 0FF </p><p>$8.99</p><a href="https://www.amazon.com/dp/B00004Z5SM?tag=eloabder-20&linkCode=osi&th=1&psc=1">View Product</a></div><div class="product"><a href="https://www.amazon.com/dp/B089LHX8Q6?tag=eloabder-20&linkCode=osi&th=1&psc=1"><img src="https://m.media-amazon.com/images/I/41+HcHENwbL._SL500_.jpg" alt="Product Image"></a><p>KKBESTPACK Half Sheet Shipping Labels for Laser and Inkjet Printers – 2 Per Page Self Adhesive Mailing Labels – White 8.5 x 5.5 (200 Labels) (2LP)</p><p> -10% 0FF </p><p>$9.86</p><a href="https://www.amazon.com/dp/B089LHX8Q6?tag=eloabder-20&linkCode=osi&th=1&psc=1">View Product</a></div><div class="product"><a href="https://www.amazon.com/dp/B001SN8ITI?tag=eloabder-20&linkCode=osi&th=1&psc=1"><img src="https://m.media-amazon.com/images/I/51vJip236KL._SL500_.jpg" alt="Product Image"></a><p>Avery Easy Peel Printable Address Labels with Sure Feed, 1" x 2-5/8" Customizable Stickers, White, 300 Blank Mailing Labels, Great for Mailing, Shipping, and More (18160)</p><p> -38% 0FF </p><p>$5.54</p><a href="https://www.amazon.com/dp/B001SN8ITI?tag=eloabder-20&linkCode=osi&th=1&psc=1">View Product</a></div><div class="product"><a href="https://www.amazon.com/dp/B0C2P8YTW2?tag=eloabder-20&linkCode=osi&th=1&psc=1"><img src="https://m.media-amazon.com/images/I/51EeHFqmTKL._SL500_.jpg" alt="Product Image"></a><p>FungLam 1" x 2-5/8" Shipping Address Labels 900 Label Stickers Paper for Laser/Inkjet Printer 30 per Page Printable Mailing Labels (30 Sheets, 900 Labels)</p><p> -25% 0FF </p><p>$5.99</p><a href="https://www.amazon.com/dp/B0C2P8YTW2?tag=eloabder-20&linkCode=osi&th=1&psc=1">View Product</a></div>
<div class="product"><a href="https://www.amazon.com/dp/B07X41JJXB?tag=eloabder-20&linkCode=osi&th=1&psc=1"><img src="https://m.media-amazon.com/images/I/31V4rpfdGtL._SL500_.jpg" alt="Product Image"></a><p>KKBESTPACK 100 Large Poly Mailers 10x13 Shipping Bags for Small Business – Self Sealing Package Envelopes (10 x 13 Pack of 100, Black)</p><p> -10% 0FF </p><p>$8.94 ($0.09 / Count)</p><a href="https://www.amazon.com/dp/B07X41JJXB?tag=eloabder-20&linkCode=osi&th=1&psc=1">View Product</a></div><div class="product"><a href="https://www.amazon.com/dp/B08C9T3997?tag=eloabder-20&linkCode=osi&th=1&psc=1"><img src="https://m.media-amazon.com/images/I/41CMEDIsQEL._SL500_.jpg" alt="Product Image"></a><p>Anylabel 2" x 3" Fragile Stickers for Shipping and Moving Please Handle with Care Fragile Thank You Do Not Drop, Warning Stickers Fragile Labels, Permanent Adhesive(500 Labels, 1 Roll)</p><p> -33% 0FF </p><p>$5.99</p><a href="https://www.amazon.com/dp/B08C9T3997?tag=eloabder-20&linkCode=osi&th=1&psc=1">View Product</a></div>


<div class="product"><a href="https://www.amazon.com/dp/B0033J6V3A?tag=eloabder-20&linkCode=osi&th=1&psc=1"><img src="https://m.media-amazon.com/images/I/21o5ASbichL._SL500_.jpg" alt="Product Image"></a><p>NuSparc 2 Drawer Locking Filing Cabinet | Pre-Assembled Steel Construction | Space-Saving Design is Perfect for Home and Small Office | Letter-Size | Assembled in North America</p><p> -14% 0FF </p><p>$76.99</p><a href="https://www.amazon.com/dp/B0033J6V3A?tag=eloabder-20&linkCode=osi&th=1&psc=1">View Product</a></div><div class="product"><a href="https://www.amazon.com/dp/B0D9XYD75W?tag=eloabder-20&linkCode=osi&th=1&psc=1"><img src="https://m.media-amazon.com/images/I/31VM3xK++PL._SL500_.jpg" alt="Product Image"></a><p>BYNSOE 2 Drawer File Cabinet with Lock Vertical Filing Storage Cabinet Office Home Steel Vertical File Cabinets for Letter Size File Cabinet Locked,Assembly Required</p><p> -8% 0FF </p><p>$54.99</p><a href="https://www.amazon.com/dp/B0D9XYD75W?tag=eloabder-20&linkCode=osi&th=1&psc=1">View Product</a></div><div class="product"><a href="https://www.amazon.com/dp/B0989HLF81?tag=eloabder-20&linkCode=osi&th=1&psc=1"><img src="https://m.media-amazon.com/images/I/51vzgnkbcjL._SL500_.jpg" alt="Product Image"></a><p>DEVAISE 3 Drawer Mobile File Cabinet, Wood Lateral Filing Cabinet, Printer Stand with Open Shelves for Home Office, Rustic Brown</p><p> -21% 0FF </p><p>$74.99</p><a href="https://www.amazon.com/dp/B0989HLF81?tag=eloabder-20&linkCode=osi&th=1&psc=1">View Product</a></div>
<div class="product"><a href="https://www.amazon.com/dp/B00006RSQD?tag=eloabder-20&linkCode=osi&th=1&psc=1"><img src="https://m.media-amazon.com/images/I/315rez3KpeL._SL500_.jpg" alt="Product Image"></a><p>Bush Business Furniture Series C 36W Tall 5 Shelf Bookcase in Hansen Cherry, Large Storage and Display Bookshelf for Home or Professional Office</p><p> -8% 0FF </p><p>$239.49</p><a href="https://www.amazon.com/dp/B00006RSQD?tag=eloabder-20&linkCode=osi&th=1&psc=1">View Product</a></div>
<div class="product"><a href="https://www.amazon.com/dp/B09F6JPYSY?tag=eloabder-20&linkCode=osi&th=1&psc=1"><img src="https://m.media-amazon.com/images/I/51fGLH7lhHL._SL500_.jpg" alt="Product Image"></a><p>SPACELEAD Slim Storage Cart 3 Tier,Bathroom Organizer Rolling Utility,Mobile Shelving Unit Slide Out for Office, Kitchen, Laundry Room & Narrow Places,Black</p><p> -30% 0FF </p><p>$20.99</p><a href="https://www.amazon.com/dp/B09F6JPYSY?tag=eloabder-20&linkCode=osi&th=1&psc=1">View Product</a></div><div class="product"><a href="https://www.amazon.com/dp/B08KFTVGQY?tag=eloabder-20&linkCode=osi&th=1&psc=1"><img src="https://m.media-amazon.com/images/I/51BjUEmGaiL._SL500_.jpg" alt="Product Image"></a><p>SONGMICS Cube Storage Organizer, Set of 16 Plastic Cubes, Closet Organizers and Storage, Room Organization, Bedroom Living Room, 12.2 x 48.4 x 48.4 Inches, Rustic Brown ULPC442A01</p><p> -15% 0FF </p><p>$46.99</p><a href="https://www.amazon.com/dp/B08KFTVGQY?tag=eloabder-20&linkCode=osi&th=1&psc=1">View Product</a></div><div class="product"><a href="https://www.amazon.com/dp/B0DG359YX5?tag=eloabder-20&linkCode=osi&th=1&psc=1"><img src="https://m.media-amazon.com/images/I/41OBXL4HJdL._SL500_.jpg" alt="Product Image"></a><p>VIVO Clamp-on 13 inch Above or Below Desk 2-Tier Shelving Unit for Table Accessories, Gaming Devices, and More, Storage Tray, Desktop Organizer, Rustic Vintage Brown, STAND-SHELF2C-N</p><p> -20% 0FF </p><p>$39.99</p><a href="https://www.amazon.com/dp/B0DG359YX5?tag=eloabder-20&linkCode=osi&th=1&psc=1">View Product</a></div><div class="product"><a href="https://www.amazon.com/dp/B0D7S5GGP6?tag=eloabder-20&linkCode=osi&th=1&psc=1"><img src="https://m.media-amazon.com/images/I/51EriWG2BLL._SL500_.jpg" alt="Product Image"></a><p>C&AHOME Wire Cube Storage, 9 - Cube Organizer Metal C Grids, Modular Shelves Units, Closet Organizer, Ideal for Home, Office, Living Room, 36.6”L x 12.4”W x 48.4”H, Silver Gray UWCS3009G</p><p> -33% 0FF </p><p>$28.87</p><a href="https://www.amazon.com/dp/B0D7S5GGP6?tag=eloabder-20&linkCode=osi&th=1&psc=1">View Product</a></div>
<div class="product"><a href="https://www.amazon.com/dp/B0B1M6ML2J?tag=eloabder-20&linkCode=osi&th=1&psc=1"><img src="https://m.media-amazon.com/images/I/51pX2Qo38JL._SL500_.jpg" alt="Product Image"></a><p>WOWBOX 25 PCS Clear Plastic Drawer Organizer Set, 4 Sizes Desk Drawer Divider Organizers and Storage Bins for Makeup, Jewelry, Gadgets for Kitchen, Bedroom, Bathroom, Office</p><p> -35% 0FF </p><p>$16.13 ($0.65 / Count)</p><a href="https://www.amazon.com/dp/B0B1M6ML2J?tag=eloabder-20&linkCode=osi&th=1&psc=1">View Product</a></div><div class="product"><a href="https://www.amazon.com/dp/B0DB8F7GDN?tag=eloabder-20&linkCode=osi&th=1&psc=1"><img src="https://m.media-amazon.com/images/I/51iOtKHzvCL._SL500_.jpg" alt="Product Image"></a><p>OPNICE Desk Organizer and Accessories, 2-Tier Computer Monitor Stand Riser with Drawer and 2 Pen Holders, Laptop Stand, Office Desk Accessories for Office Supplies, Black</p><p> -27% 0FF </p><p>$21.99</p><a href="https://www.amazon.com/dp/B0DB8F7GDN?tag=eloabder-20&linkCode=osi&th=1&psc=1">View Product</a></div><div class="product"><a href="https://www.amazon.com/dp/B0FQ86P4M3?tag=eloabder-20&linkCode=osi&th=1&psc=1"><img src="https://m.media-amazon.com/images/I/41ZDdyGnPxL._SL500_.jpg" alt="Product Image"></a><p>Mind Reader 2-Tier Desk Organizer with Clamp, Accessory Shelf for Office or Gaming, Office, Metal, White</p><p> -5% 0FF </p><p>$37.99</p><a href="https://www.amazon.com/dp/B0FQ86P4M3?tag=eloabder-20&linkCode=osi&th=1&psc=1">View Product</a></div><div class="product"><a href="https://www.amazon.com/dp/B0BYDGF8DT?tag=eloabder-20&linkCode=osi&th=1&psc=1"><img src="https://m.media-amazon.com/images/I/51sE2GzgVNL._SL500_.jpg" alt="Product Image"></a><p>OPNICE Desk Organizer and Accessories, 4-Tier Desktop File Organizer with Drawer and 2 Pen Holders, Office Desk Accessories, Workspace Organizers for Office Supplies(Black)</p><p> -33% 0FF </p><p>$19.99</p><a href="https://www.amazon.com/dp/B0BYDGF8DT?tag=eloabder-20&linkCode=osi&th=1&psc=1">View Product</a></div><div class="product"><a href="https://www.amazon.com/dp/B0DJKSMV2T?tag=eloabder-20&linkCode=osi&th=1&psc=1"><img src="https://m.media-amazon.com/images/I/41gO3CCIg1L._SL500_.jpg" alt="Product Image"></a><p>gianotter Dual Monitor Stand Riser, Desk Organizer With Drawer and 2 Pen Holders, Computer Monitor Stand, Shelf for Top of Desk, Black</p><p> -28% 0FF </p><p>$25.99</p><a href="https://www.amazon.com/dp/B0DJKSMV2T?tag=eloabder-20&linkCode=osi&th=1&psc=1">View Product</a></div><div class="product"><a href="https://www.amazon.com/dp/B0BWTT3WK1?tag=eloabder-20&linkCode=osi&th=1&psc=1"><img src="https://m.media-amazon.com/images/I/51JTe2SjicL._SL500_.jpg" alt="Product Image"></a><p>gianotter Desk Organizers and Accessories with File Holder, 4-Tier Desk Accessories & Workspace Organizers with Drawer and 2 Pen Holder, Paper Organizer for Office Supplies (Rose Gold)</p><p> -27% 0FF </p><p>$23.99</p><a href="https://www.amazon.com/dp/B0BWTT3WK1?tag=eloabder-20&linkCode=osi&th=1&psc=1">View Product</a></div><div class="product"><a href="https://www.amazon.com/dp/B09QKDY1YY?tag=eloabder-20&linkCode=osi&th=1&psc=1"><img src="https://m.media-amazon.com/images/I/519UVM73B6L._SL500_.jpg" alt="Product Image"></a><p>Supeasy 5 Trays Paper Organizer Letter Tray with Handle-Mesh Desk File Organizer, Paper Sorter Desk Organizer for Office, Home or School</p><p> -17% 0FF </p><p>$19.99</p><a href="https://www.amazon.com/dp/B09QKDY1YY?tag=eloabder-20&linkCode=osi&th=1&psc=1">View Product</a></div><div class="product"><a href="https://www.amazon.com/dp/B08PBFKGJG?tag=eloabder-20&linkCode=osi&th=1&psc=1"><img src="https://m.media-amazon.com/images/I/61WfW0WLsqL._SL500_.jpg" alt="Product Image"></a><p>Marbrasse 6 Tier Paper Organizer Letter Tray - Mesh Desk File Organizer with Handle, Paper Sorter Organizer for Letter/A4 Office File Folder Holder - Black</p><p> -23% 0FF </p><p>$19.98</p><a href="https://www.amazon.com/dp/B08PBFKGJG?tag=eloabder-20&linkCode=osi&th=1&psc=1">View Product</a></div><div class="product"><a href="https://www.amazon.com/dp/B09K5927B5?tag=eloabder-20&linkCode=osi&th=1&psc=1"><img src="https://m.media-amazon.com/images/I/51u5tZ4jR6L._SL500_.jpg" alt="Product Image"></a><p>Marbrasse Desk Organizer with File Holder, 5-Tier Paper Letter Tray Organizer with Drawer and 2 Pen Holder, Mesh Desktop Organizer and Storage with Magazine Holder for Office Supplies(Black)</p><p> -24% 0FF </p><p>$33.99</p><a href="https://www.amazon.com/dp/B09K5927B5?tag=eloabder-20&linkCode=osi&th=1&psc=1">View Product</a></div>
<div class="product"><a href="https://www.amazon.com/dp/B0CNXF7SVS?tag=eloabder-20&linkCode=osi&th=1&psc=1"><img src="https://m.media-amazon.com/images/I/51a6EswyTZL._SL500_.jpg" alt="Product Image"></a><p>Manalete Drawer Organizers Set of 15, 4 Sizes Clear Plastic Drawer Organizers and Storage Bins for Kitchen, Bathroom, Office, Dresser Desk Drawer Organizer Tray for Jewelry, Makeup, Junk, Gadgets</p><p> -29% 0FF </p><p>$9.99</p><a href="https://www.amazon.com/dp/B0CNXF7SVS?tag=eloabder-20&linkCode=osi&th=1&psc=1">View Product</a></div><div class="product"><a href="https://www.amazon.com/dp/B0CCY5X6SS?tag=eloabder-20&linkCode=osi&th=1&psc=1"><img src="https://m.media-amazon.com/images/I/41Iye-vPXJL._SL500_.jpg" alt="Product Image"></a><p>Bamboo Drawer Organizer Set, 5 PCS Multi-Use Individual Wood Storage Organizers, Junk Drawer Divider and Storage Trays Containers for Kitchen, Bathroom, Office Desk, Makeup, Jewelry, Utensils</p><p> -20% 0FF </p><p>$19.99 ($4.00 / Count)</p><a href="https://www.amazon.com/dp/B0CCY5X6SS?tag=eloabder-20&linkCode=osi&th=1&psc=1">View Product</a></div><div class="product"><a href="https://www.amazon.com/dp/B0CCDJQ7MM?tag=eloabder-20&linkCode=osi&th=1&psc=1"><img src="https://m.media-amazon.com/images/I/51kU0WJxdsL._SL500_.jpg" alt="Product Image"></a><p>Marbrasse Expandable Desk Drawer Organizer, Mesh Drawer Organizer Tray with 10 Adjustable Compartments, Desk Organizers and Accessories, 5 Dividers Drawer for Office Supplies, Makeup & Vanity (Black)</p><p> -15% 0FF </p><p>$17.84</p><a href="https://www.amazon.com/dp/B0CCDJQ7MM?tag=eloabder-20&linkCode=osi&th=1&psc=1">View Product</a></div><div class="product"><a href="https://www.amazon.com/dp/B0DM27MBZN?tag=eloabder-20&linkCode=osi&th=1&psc=1"><img src="https://m.media-amazon.com/images/I/41hAfSMnrZL._SL500_.jpg" alt="Product Image"></a><p>ElegantArray 12 PCS Drawer Organizer Set, 4 Sizes Storage Drawer Units, Clear Plastic Makeup Vanity Organizer and Storage Bins for Makeup, Stationeries, Multiple Gadgets for Bathroom, Office, Bedroom</p><p> -31% 0FF </p><p>$8.99</p><a href="https://www.amazon.com/dp/B0DM27MBZN?tag=eloabder-20&linkCode=osi&th=1&psc=1">View Product</a></div>
<div class="product"><a href="https://www.amazon.com/dp/B0C4T42TPC?tag=eloabder-20&linkCode=osi&th=1&psc=1"><img src="https://m.media-amazon.com/images/I/318IsyAsPXL._SL500_.jpg" alt="Product Image"></a><p>Adjustable Mobile CPU Stand, Ventilated Computer Tower Stand with 4 Caster Wheels Fits Most PC Tower, Under Desk CPU Holder PC Floor Cart Computer Riser for Gamers and Students (Black)</p><p> -21% 0FF </p><p>$14.21</p><a href="https://www.amazon.com/dp/B0C4T42TPC?tag=eloabder-20&linkCode=osi&th=1&psc=1">View Product</a></div><div class="product"><a href="https://www.amazon.com/dp/B094QTGHNZ?tag=eloabder-20&linkCode=osi&th=1&psc=1"><img src="https://m.media-amazon.com/images/I/31VzBQ+jwWL._SL500_.jpg" alt="Product Image"></a><p>WALI Computer Monitor Stand for Desk, Adjustable Laptop Riser, Desk Monitor Stand Underneath Storage for Office, Home, School Supplies (STT003), 1 Pack, Black</p><p> -32% 0FF </p><p>$16.99</p><a href="https://www.amazon.com/dp/B094QTGHNZ?tag=eloabder-20&linkCode=osi&th=1&psc=1">View Product</a></div><div class="product"><a href="https://www.amazon.com/dp/B07H4DMLVH?tag=eloabder-20&linkCode=osi&th=1&psc=1"><img src="https://m.media-amazon.com/images/I/31eTfKhpSWL._SL500_.jpg" alt="Product Image"></a><p>HUANUO Monitor Stand, Monitor Stand Riser 3 Height Adjustable, Monitor Riser with Airflow Vents, Laptop Stand for Desk, Laptop Riser, Desk Organizer for Monitor, 15.6" Laptop, PC, Printer</p><p> -11% 0FF </p><p>$15.19</p><a href="https://www.amazon.com/dp/B07H4DMLVH?tag=eloabder-20&linkCode=osi&th=1&psc=1">View Product</a></div><div class="product"><a href="https://www.amazon.com/dp/B0D69W6H91?tag=eloabder-20&linkCode=osi&th=1&psc=1"><img src="https://m.media-amazon.com/images/I/51rQI+gi3lL._SL500_.jpg" alt="Product Image"></a><p>JANE EYRE Computer Tower Stand - Adjustable PC Tower Stand CPU Holder Cart with Charging Station for Office Home Classroom,23.03"-28.3" H, black</p><p> -10% 0FF </p><p>$53.99</p><a href="https://www.amazon.com/dp/B0D69W6H91?tag=eloabder-20&linkCode=osi&th=1&psc=1">View Product</a></div><div class="product"><a href="https://www.amazon.com/dp/B0C4T34L9Y?tag=eloabder-20&linkCode=osi&th=1&psc=1"><img src="https://m.media-amazon.com/images/I/51BNMGXNOEL._SL500_.jpg" alt="Product Image"></a><p>BONTEC Wooden Monitor Stand Riser, 2-Tier Desk Shelf with Storage Organizer, Ergonomic Computer Stand with Cable Management, Cellphone Holder, White, 16.5 Inch</p><p> -33% 0FF </p><p>$18.04</p><a href="https://www.amazon.com/dp/B0C4T34L9Y?tag=eloabder-20&linkCode=osi&th=1&psc=1">View Product</a></div><div class="product"><a href="https://www.amazon.com/dp/B08BRCT4JH?tag=eloabder-20&linkCode=osi&th=1&psc=1"><img src="https://m.media-amazon.com/images/I/41Ga6A+cXbL._SL500_.jpg" alt="Product Image"></a><p>BESIGN LS03 Aluminum Laptop Stand, Ergonomic Detachable Computer Stand, Notebook Riser Compatible with Air, Pro, Dell, HP, Lenovo More 10-15.6" Laptops, Silver</p><p> -25% 0FF </p><p>$14.98</p><a href="https://www.amazon.com/dp/B08BRCT4JH?tag=eloabder-20&linkCode=osi&th=1&psc=1">View Product</a></div>
<div class="product"><a href="https://www.amazon.com/dp/B07Q79ZZJ6?tag=eloabder-20&linkCode=osi&th=1&psc=1"><img src="https://m.media-amazon.com/images/I/31-LBzENQIL._SL500_.jpg" alt="Product Image"></a><p>Single LCD Computer Monitor Free-Standing Desk Stand Mount Riser for 13 inch to 32 inch screen with Swivel, Height Adjustable, Rotation, Vesa Base Stand Holds One (1) Screen up to 77Lbs(HT05B-001))</p><p> -34% 0FF </p><p>$21.99</p><a href="https://www.amazon.com/dp/B07Q79ZZJ6?tag=eloabder-20&linkCode=osi&th=1&psc=1">View Product</a></div><div class="product"><a href="https://www.amazon.com/dp/B082845XM8?tag=eloabder-20&linkCode=osi&th=1&psc=1"><img src="https://m.media-amazon.com/images/I/41uRH1B7HgL._SL500_.jpg" alt="Product Image"></a><p>Dual Monitor Stand - Vertical Stack Screen Free-Standing Monitor Riser Fits Two 13 to 34 Inch Screen with Swivel, Tilt, Height Adjustable, Holds One (1) Screen Up to 44Lbs</p><p> -5% 0FF </p><p>$31.56</p><a href="https://www.amazon.com/dp/B082845XM8?tag=eloabder-20&linkCode=osi&th=1&psc=1">View Product</a></div><div class="product"><a href="https://www.amazon.com/dp/B00X4SCCFG?tag=eloabder-20&linkCode=osi&th=1&psc=1"><img src="https://m.media-amazon.com/images/I/21X2klzUZGL._SL500_.jpg" alt="Product Image"></a><p>Amazon Basics Height Adjustable Rectangular Computer Monitor Riser Desk Stand with Storage for Reduced Neck Strain - Fits Monitors, Laptops Up to 22lbs, Black</p><p> -35% 0FF </p><p>$14.06</p><a href="https://www.amazon.com/dp/B00X4SCCFG?tag=eloabder-20&linkCode=osi&th=1&psc=1">View Product</a></div>
<div class="product"><a href="https://www.amazon.com/dp/B07HFDJCSL?tag=eloabder-20&linkCode=osi&th=1&psc=1"><img src="https://m.media-amazon.com/images/I/41DR7qY1naL._SL500_.jpg" alt="Product Image"></a><p>VIVO Large Keyboard Tray Under Desk Pull Out with Extra Sturdy C Clamp Mount System, 27 (33 Including Clamps) x 11 Inch Slide-Out Platform Computer Drawer for Typing, Black, MOUNT-KB05E</p><p> -17% 0FF </p><p>$49.99</p><a href="https://www.amazon.com/dp/B07HFDJCSL?tag=eloabder-20&linkCode=osi&th=1&psc=1">View Product</a></div><div class="product"><a href="https://www.amazon.com/dp/B082NKBM62?tag=eloabder-20&linkCode=osi&th=1&psc=1"><img src="https://m.media-amazon.com/images/I/41qQ3p9-mrL._SL500_.jpg" alt="Product Image"></a><p>HUANUO Keyboard Tray Under Desk, 360 Adjustable Ergonomic Sliding Keyboard & Mouse Tray, Under Desk Keyboard Tray Slide Out, Keyboard Holder Under Desk for Typing in Home, Office Work, 25"W x 9.84"D</p><p> -33% 0FF </p><p>$59.98</p><a href="https://www.amazon.com/dp/B082NKBM62?tag=eloabder-20&linkCode=osi&th=1&psc=1">View Product</a></div><div class="product"><a href="https://www.amazon.com/dp/B0F23GTKHL?tag=eloabder-20&linkCode=osi&th=1&psc=1"><img src="https://m.media-amazon.com/images/I/41dmHoeznDL._SL500_.jpg" alt="Product Image"></a><p>Zontera Ergonomic Mouse & Keyboard Tray Under Desk, Pull Out with Adjustable C-clamp, 20 (25.9 Including Clamps) x 11.8 Inch Slide Out Computer Keyboard Drawer Mouse Tray for Typing, Black</p><p> -7% 0FF </p><p>$25.99</p><a href="https://www.amazon.com/dp/B0F23GTKHL?tag=eloabder-20&linkCode=osi&th=1&psc=1">View Product</a></div><div class="product"><a href="https://www.amazon.com/dp/B01IIGMBVI?tag=eloabder-20&linkCode=osi&th=1&psc=1"><img src="https://m.media-amazon.com/images/I/21Vw8003F0L._SL500_.jpg" alt="Product Image"></a><p>Alera ALE Valencia Series Underdesk Keyboard/Mouse Shelf, 28w x 12d, Black</p><p> -50% 0FF </p><p>$29.22</p><a href="https://www.amazon.com/dp/B01IIGMBVI?tag=eloabder-20&linkCode=osi&th=1&psc=1">View Product</a></div>
<div class="product"><a href="https://www.amazon.com/dp/B07C3XZMC6?tag=eloabder-20&linkCode=osi&th=1&psc=1"><img src="https://m.media-amazon.com/images/I/31Eojf7glwL._SL500_.jpg" alt="Product Image"></a><p>JIKIOU 3 Pack Mouse Pad with Stitched Edge, Comfortable Mouse Pads with Non-Slip Rubber Base, Washable Mousepads Bulk with Comfortable Cloth, Mouse Pads for Computers Laptop Mouse 10.2x8.3inch Black</p><p> -29% 0FF </p><p>$7.99</p><a href="https://www.amazon.com/dp/B07C3XZMC6?tag=eloabder-20&linkCode=osi&th=1&psc=1">View Product</a></div><div class="product"><a href="https://www.amazon.com/dp/B085XRMSTT?tag=eloabder-20&linkCode=osi&th=1&psc=1"><img src="https://m.media-amazon.com/images/I/31aDSI0sFoL._SL500_.jpg" alt="Product Image"></a><p>EooCoo Ergonomic Mouse Pad with Wrist Support, Mousepad with Memory Foam Wrist Rest and Non-Slip Base for Computer, Cafe, Home & Office, 9.64 x 8.26 in Office Desk Accessories</p><p> -36% 0FF </p><p>$6.99</p><a href="https://www.amazon.com/dp/B085XRMSTT?tag=eloabder-20&linkCode=osi&th=1&psc=1">View Product</a></div>
<div class="product"><a href="https://www.amazon.com/dp/B0BRCJL4MM?tag=eloabder-20&linkCode=osi&th=1&psc=1"><img src="https://m.media-amazon.com/images/I/41sggzaNbPL._SL500_.jpg" alt="Product Image"></a><p>Led Desk Lamp for Office Home - Eye Caring Architect lamp with Clamp,Dual Screen Computer Monitor Gooseneck Smart Light: 24W 5 Color Flexible Adjustable Lighting Table Lamp for Study Drafting</p><p> -13% 0FF </p><p>$69.99</p><a href="https://www.amazon.com/dp/B0BRCJL4MM?tag=eloabder-20&linkCode=osi&th=1&psc=1">View Product</a></div><div class="product"><a href="https://www.amazon.com/dp/B0BNHNG5CY?tag=eloabder-20&linkCode=osi&th=1&psc=1"><img src="https://m.media-amazon.com/images/I/51ccmdZe2YL._SL500_.jpg" alt="Product Image"></a><p>Micomlan Led Desk Lamp with Clamp, Architect Desk Lamp for Home Office with Atmosphere Lighting, 24W Ultra Bright Auto Dimming Computer Light Stepless Dimming and Tempering LED Table Light</p><p> -27% 0FF </p><p>$49.99</p><a href="https://www.amazon.com/dp/B0BNHNG5CY?tag=eloabder-20&linkCode=osi&th=1&psc=1">View Product</a></div><div class="product"><a href="https://www.amazon.com/dp/B078W61H9P?tag=eloabder-20&linkCode=osi&th=1&psc=1"><img src="https://m.media-amazon.com/images/I/31aebwb3nqL._SL500_.jpg" alt="Product Image"></a><p>LEPOWER Metal Desk Lamp, Eye-Caring Table Lamp, Study Lamps with Flexible Goose Neck for Bedroom, Home Office (Matte Black)</p><p> -24% 0FF </p><p>$24.99</p><a href="https://www.amazon.com/dp/B078W61H9P?tag=eloabder-20&linkCode=osi&th=1&psc=1">View Product</a></div><div class="product"><a href="https://www.amazon.com/dp/B0D1DLY4H4?tag=eloabder-20&linkCode=osi&th=1&psc=1"><img src="https://m.media-amazon.com/images/I/41sKiuSIwRL._SL500_.jpg" alt="Product Image"></a><p>SKYLEO Led Desk Lamp - Desk Light for 31.5" Tall - 5 Color Modes X 11 Brightness Levels - Adjustable Swing Arm - Timmer & Memory Function - 12W Lamp for Desk - Black</p><p> -23% 0FF </p><p>$19.99</p><a href="https://www.amazon.com/dp/B0D1DLY4H4?tag=eloabder-20&linkCode=osi&th=1&psc=1">View Product</a></div><div class="product"><a href="https://www.amazon.com/dp/B0D2LGK82V?tag=eloabder-20&linkCode=osi&th=1&psc=1"><img src="https://m.media-amazon.com/images/I/41UpQ-qygDL._SL500_.jpg" alt="Product Image"></a><p>Addtam LED Desk Lamp, Power Strip with 3 Outlets 4 USB Charging Ports(2 USBC), 4 Modes 5 Level Brightness Touch Lamp, Small Desk Lamp for Home Office College Dorm Room Essentials</p><p> -23% 0FF </p><p>$16.99</p><a href="https://www.amazon.com/dp/B0D2LGK82V?tag=eloabder-20&linkCode=osi&th=1&psc=1">View Product</a></div><div class="product"><a href="https://www.amazon.com/dp/B08LMTQ7ZF?tag=eloabder-20&linkCode=osi&th=1&psc=1"><img src="https://m.media-amazon.com/images/I/21vKPX2KHML._SL500_.jpg" alt="Product Image"></a><p>Lepro LED Desk Lamp for Home Office, 9.5W 750LM Metal Touch Control Desk Light, 5 Color Modes 5 Brightness Level, Eye Caring Task Lamp For Reading, Sewing, Crafts, School Supplies, Puzzle Light, Black</p><p> -13% 0FF </p><p>$24.99</p><a href="https://www.amazon.com/dp/B08LMTQ7ZF?tag=eloabder-20&linkCode=osi&th=1&psc=1">View Product</a></div>
<div class="product"><a href="https://www.amazon.com/dp/B0D7BXNDP4?tag=eloabder-20&linkCode=osi&th=1&psc=1"><img src="https://m.media-amazon.com/images/I/41DuEunZ1+L._SL500_.jpg" alt="Product Image"></a><p>Monitor Fan with Clamp & Light Bar Desk Lamp with fan for Office mini Desk fan small quiet with lamp for PC Laptops Tablet for Home Office Portable Working Reading Stand Lamp</p><p> -5% 0FF </p><p>$15.19</p><a href="https://www.amazon.com/dp/B0D7BXNDP4?tag=eloabder-20&linkCode=osi&th=1&psc=1">View Product</a></div><div class="product"><a href="https://www.amazon.com/dp/B07K1D41DC?tag=eloabder-20&linkCode=osi&th=1&psc=1"><img src="https://m.media-amazon.com/images/I/310MAouNV-L._SL500_.jpg" alt="Product Image"></a><p>OttLite Cool Breeze LED Lamp with Bladeless Fan - 3 Speed Options & 5 Brightness Settings with Energy Efficient Natural Daylight LEDs - Desktop, Table or Nightstand Lamp for Studying or Reading</p><p> -14% 0FF </p><p>$89.98</p><a href="https://www.amazon.com/dp/B07K1D41DC?tag=eloabder-20&linkCode=osi&th=1&psc=1">View Product</a></div>
<div class="product"><a href="https://www.amazon.com/dp/B0CXSXL1F2?tag=eloabder-20&linkCode=osi&th=1&psc=1"><img src="https://m.media-amazon.com/images/I/41H6cndt7iL._SL500_.jpg" alt="Product Image"></a><p>9 Pack Lined Sticky Notes 4x6 in Post Sticky Notes with Lines, 9 Bright Colors Self Sticky Notes Pad Its, Large Ruled Sticky Note for Office, Home, 35 Sheets/Pad</p><p> -33% 0FF </p><p>$7.99</p><a href="https://www.amazon.com/dp/B0CXSXL1F2?tag=eloabder-20&linkCode=osi&th=1&psc=1">View Product</a></div><div class="product"><a href="https://www.amazon.com/dp/B019QROV9S?tag=eloabder-20&linkCode=osi&th=1&psc=1"><img src="https://m.media-amazon.com/images/I/51OsStyntzL._SL500_.jpg" alt="Product Image"></a><p>Sharpie Clear View Highlighter Sticks, Chisel Tip, Assorted Fluorescent, 8 Count - School, Home, and Office Use, Teacher Supplies</p><p> -23% 0FF </p><p>$13.86</p><a href="https://www.amazon.com/dp/B019QROV9S?tag=eloabder-20&linkCode=osi&th=1&psc=1">View Product</a></div>
<div class="product"><a href="https://www.amazon.com/dp/B082PN4X5J?tag=eloabder-20&linkCode=osi&th=1&psc=1"><img src="https://m.media-amazon.com/images/I/51o+eA8g6nL._SL500_.jpg" alt="Product Image"></a><p>Sharpie S-Gel Gel Pens, Black Barrel, Medium Point (0.7mm), Black Gel Ink Pens, 12 Count - Home, Office, School, Journaling, Writing, Note-Taking, Teacher Supplies</p><p> -14% 0FF </p><p>$11.97</p><a href="https://www.amazon.com/dp/B082PN4X5J?tag=eloabder-20&linkCode=osi&th=1&psc=1">View Product</a></div><div class="product"><a href="https://www.amazon.com/dp/B0C9W8DD9S?tag=eloabder-20&linkCode=osi&th=1&psc=1"><img src="https://m.media-amazon.com/images/I/41mdSvEwNZL._SL500_.jpg" alt="Product Image"></a><p>Ddaowanx Gel Pens, 6 Pcs 0.5mm Quick Dry Black Ink Pens Fine Point Smooth Writing Pens, Cute Office School Supplies Gifts for Women</p><p> -10% 0FF </p><p>$8.99</p><a href="https://www.amazon.com/dp/B0C9W8DD9S?tag=eloabder-20&linkCode=osi&th=1&psc=1">View Product</a></div><div class="product"><a href="https://www.amazon.com/dp/B019QBOG3U?tag=eloabder-20&linkCode=osi&th=1&psc=1"><img src="https://m.media-amazon.com/images/I/416PjSebDoL._SL500_.jpg" alt="Product Image"></a><p>Paper Mate Colorful Gel Pens - InkJoy Gel Pens Assorted Medium Point (0.7). Perfect for Vibrant Colored Writing and Sketching with Paper Mate InkJoy 14 Count</p><p> -18% 0FF </p><p>$10.31</p><a href="https://www.amazon.com/dp/B019QBOG3U?tag=eloabder-20&linkCode=osi&th=1&psc=1">View Product</a></div><div class="product"><a href="https://www.amazon.com/dp/B0C73JDN4S?tag=eloabder-20&linkCode=osi&th=1&psc=1"><img src="https://m.media-amazon.com/images/I/51DJUUxL7HL._SL500_.jpg" alt="Product Image"></a><p>Linbsunne Ballpoint Pens Black Medium Point 1mm Pen with Super Soft Grip Ball Point Pen for Men Women Retractable Pens (gold-12 pcs)</p><p> -10% 0FF </p><p>$8.99</p><a href="https://www.amazon.com/dp/B0C73JDN4S?tag=eloabder-20&linkCode=osi&th=1&psc=1">View Product</a></div><div class="product"><a href="https://www.amazon.com/dp/B001OTA66O?tag=eloabder-20&linkCode=osi&th=1&psc=1"><img src="https://m.media-amazon.com/images/I/41yS5tBZQLL._SL500_.jpg" alt="Product Image"></a><p>BIC Glide Black Retractable Ballpoint Pens, Medium Point (1.0mm), 4-Count Pack, Ultra Smooth Writing Black Pens</p><p> -40% 0FF </p><p>$2.99</p><a href="https://www.amazon.com/dp/B001OTA66O?tag=eloabder-20&linkCode=osi&th=1&psc=1">View Product</a></div>
<div class="product"><a href="https://www.amazon.com/dp/B002HVXXCW?tag=eloabder-20&linkCode=osi&th=1&psc=1"><img src="https://m.media-amazon.com/images/I/41JeEedXCeL._SL500_.jpg" alt="Product Image"></a><p>Ticonderoga Wood-Cased Pencils, Pre-Sharpened, 2 HB Soft, Yellow, 10 Count</p><p> -58% 0FF </p><p>$2.49</p><a href="https://www.amazon.com/dp/B002HVXXCW?tag=eloabder-20&linkCode=osi&th=1&psc=1">View Product</a></div><div class="product"><a href="https://www.amazon.com/dp/B077Q4B6YN?tag=eloabder-20&linkCode=osi&th=1&psc=1"><img src="https://m.media-amazon.com/images/I/4160YcHGDNL._SL500_.jpg" alt="Product Image"></a><p>Paper Mate 2017483 Mechanical Pencils for Handwriting, Triangular, 5/PK, AST</p><p> -45% 0FF </p><p>$3.47</p><a href="https://www.amazon.com/dp/B077Q4B6YN?tag=eloabder-20&linkCode=osi&th=1&psc=1">View Product</a></div>
<div class="product"><a href="https://www.amazon.com/dp/B0D7YTZNRF?tag=eloabder-20&linkCode=osi&th=1&psc=1"><img src="https://m.media-amazon.com/images/I/41hSbSlNAmL._SL500_.jpg" alt="Product Image"></a><p>YASNAY Alcohol Markers, 48 Colors Dual Tip Art Marker, Drawing Markers, Coloring Marker for Kids Sketching Adult Coloring</p><p> -27% 0FF </p><p>$10.99</p><a href="https://www.amazon.com/dp/B0D7YTZNRF?tag=eloabder-20&linkCode=osi&th=1&psc=1">View Product</a></div><div class="product"><a href="https://www.amazon.com/dp/B07CJ8QXF8?tag=eloabder-20&linkCode=osi&th=1&psc=1"><img src="https://m.media-amazon.com/images/I/51bChi4-H4L._SL500_.jpg" alt="Product Image"></a><p>Dual Markers Brush Pens, 36 Fine Point Art Marker, Double Tip Colored Pen for Adult Coloring Hand Lettering, School Classroom Art Suppliers</p><p> -20% 0FF </p><p>$7.98</p><a href="https://www.amazon.com/dp/B07CJ8QXF8?tag=eloabder-20&linkCode=osi&th=1&psc=1">View Product</a></div><div class="product"><a href="https://www.amazon.com/dp/B071CP6X88?tag=eloabder-20&linkCode=osi&th=1&psc=1"><img src="https://m.media-amazon.com/images/I/41sNeEYkTNL._SL500_.jpg" alt="Product Image"></a><p>Crayola Super Tips Marker Set for Kids (100ct), Broad Tip & Fine Point Washable Art Markers for Kids, Bulk School Supplies, Teacher Classroom Must Haves, Drawing Supplies</p><p> -19% 0FF </p><p>$16.29</p><a href="https://www.amazon.com/dp/B071CP6X88?tag=eloabder-20&linkCode=osi&th=1&psc=1">View Product</a></div><div class="product"><a href="https://www.amazon.com/dp/B08MBFPFCQ?tag=eloabder-20&linkCode=osi&th=1&psc=1"><img src="https://m.media-amazon.com/images/I/51DaGL7Z4oL._SL500_.jpg" alt="Product Image"></a><p>Sharpie Permanent Markers Variety Pack, Includes Chisel, Fine, and Ultra-Fine Tips, Marker Set, Writing, Coloring, Poster, Office, School Supplies, Black, 6 Count</p><p> -19% 0FF </p><p>$4.63 ($0.77 / Count)</p><a href="https://www.amazon.com/dp/B08MBFPFCQ?tag=eloabder-20&linkCode=osi&th=1&psc=1">View Product</a></div>
<div class="product"><a href="https://www.amazon.com/dp/B09Y2KJ2KX?tag=eloabder-20&linkCode=osi&th=1&psc=1"><img src="https://m.media-amazon.com/images/I/41EhQr7suML._SL500_.jpg" alt="Product Image"></a><p>Sharpie Pocket Highlighters, Mild Pastel Colors, Assorted, Chisel Tip, 12 Count - School, Home, and Office Use, Teacher Supplies</p><p> -22% 0FF </p><p>$7.76 ($0.65 / Count)</p><a href="https://www.amazon.com/dp/B09Y2KJ2KX?tag=eloabder-20&linkCode=osi&th=1&psc=1">View Product</a></div><div class="product"><a href="https://www.amazon.com/dp/B08698MJWT?tag=eloabder-20&linkCode=osi&th=1&psc=1"><img src="https://m.media-amazon.com/images/I/512N7aYt5oL._SL500_.jpg" alt="Product Image"></a><p>Sharpie S-Note Creative Markers, Pastel Highlighters, Art Marker Set, Assorted Colors, Chisel Tip, 24 Count - School, Home, and Office Use, Teacher Supplies</p><p> -60% 0FF </p><p>$8.83</p><a href="https://www.amazon.com/dp/B08698MJWT?tag=eloabder-20&linkCode=osi&th=1&psc=1">View Product</a></div>
<div class="product"><a href="https://www.amazon.com/dp/B097DPQPYN?tag=eloabder-20&linkCode=osi&th=1&psc=1"><img src="https://m.media-amazon.com/images/I/51nFyQPtfkL._SL500_.jpg" alt="Product Image"></a><p>Sonuimy Pencil Sharpeners, 4 Pcs Pencil Sharpeners Manual,Dual Holes Compact Colored Handheld Pencil Sharpener for Kids with Lid Adults Students School Class Home Office (Covered)</p><p> -13% 0FF </p><p>$4.49</p><a href="https://www.amazon.com/dp/B097DPQPYN?tag=eloabder-20&linkCode=osi&th=1&psc=1">View Product</a></div><div class="product"><a href="https://www.amazon.com/dp/B000MFN1G8?tag=eloabder-20&linkCode=osi&th=1&psc=1"><img src="https://m.media-amazon.com/images/I/41JPflroUEL._SL500_.jpg" alt="Product Image"></a><p>Compact Desktop Electric Pencil Sharpener, Black, Sold as 1 Each</p><p> -21% 0FF </p><p>$15.89</p><a href="https://www.amazon.com/dp/B000MFN1G8?tag=eloabder-20&linkCode=osi&th=1&psc=1">View Product</a></div><div class="product"><a href="https://www.amazon.com/dp/B00125KXGI?tag=eloabder-20&linkCode=osi&th=1&psc=1"><img src="https://m.media-amazon.com/images/I/51avY0bZv6L._SL500_.jpg" alt="Product Image"></a><p>Bostitch Office Personal Electric Pencil Sharpener, Powerful Stall-Free Motor, High Capacity Shavings Tray, Blue</p><p> -13% 0FF </p><p>$17.48</p><a href="https://www.amazon.com/dp/B00125KXGI?tag=eloabder-20&linkCode=osi&th=1&psc=1">View Product</a></div><div class="product"><a href="https://www.amazon.com/dp/B078DZY9Z5?tag=eloabder-20&linkCode=osi&th=1&psc=1"><img src="https://m.media-amazon.com/images/I/41KbUFGrXfL._SL500_.jpg" alt="Product Image"></a><p>JARLINK Electric Pencil Sharpener, Heavy-Duty Helical Blade to Fast Sharpen, Auto Stop for No.2/Colored Pencils(6-8mm), AC Adapter/Battery Operated in School Classroom/Office/Home (Black)</p><p> -21% 0FF </p><p>$16.98</p><a href="https://www.amazon.com/dp/B078DZY9Z5?tag=eloabder-20&linkCode=osi&th=1&psc=1">View Product</a></div><div class="product"><a href="https://www.amazon.com/dp/B08DLXH86D?tag=eloabder-20&linkCode=osi&th=1&psc=1"><img src="https://m.media-amazon.com/images/I/41UghsnBycL._SL500_.jpg" alt="Product Image"></a><p>Aogwat Pencil Sharpener Electric Pencil Sharpener for Kids, Blade to Fast Sharpen, Suitable for No.2/School/Classroom/Office/Home (Black)</p><p> -23% 0FF </p><p>$9.99</p><a href="https://www.amazon.com/dp/B08DLXH86D?tag=eloabder-20&linkCode=osi&th=1&psc=1">View Product</a></div><div class="product"><a href="https://www.amazon.com/dp/B000GP0VIU?tag=eloabder-20&linkCode=osi&th=1&psc=1"><img src="https://m.media-amazon.com/images/I/318OKKSwzbL._SL500_.jpg" alt="Product Image"></a><p>Bostitch Office Wall Mount Manual Pencil Sharpener, Tip Saver, 8 Hole Dial, 6X Longer Cutter Life, Vertical or Horizontal Mounting Black (MPS1-BLK)</p><p> -9% 0FF </p><p>$13.18</p><a href="https://www.amazon.com/dp/B000GP0VIU?tag=eloabder-20&linkCode=osi&th=1&psc=1">View Product</a></div>
<div class="product"><a href="https://www.amazon.com/dp/B00094H4LU?tag=eloabder-20&linkCode=osi&th=1&psc=1"><img src="https://m.media-amazon.com/images/I/41f-fbZYU1L._SL500_.jpg" alt="Product Image"></a><p>Paper Mate Erasers | Pink Pearl Large Erasers 12 Count</p><p> -55% 0FF </p><p>$6.03</p><a href="https://www.amazon.com/dp/B00094H4LU?tag=eloabder-20&linkCode=osi&th=1&psc=1">View Product</a></div><div class="product"><a href="https://www.amazon.com/dp/B07DPVVMWB?tag=eloabder-20&linkCode=osi&th=1&psc=1"><img src="https://m.media-amazon.com/images/I/51wLlsENgiL._SL500_.jpg" alt="Product Image"></a><p>Mr. Pen Erasers for Pencils, 120 Pack, Pencil Top Erasers, Eraser Caps, Cap Tops, Topper Erasers. Ereaser</p><p> -24% 0FF </p><p>$5.95</p><a href="https://www.amazon.com/dp/B07DPVVMWB?tag=eloabder-20&linkCode=osi&th=1&psc=1">View Product</a></div><div class="product"><a href="https://www.amazon.com/dp/B07144DC8V?tag=eloabder-20&linkCode=osi&th=1&psc=1"><img src="https://m.media-amazon.com/images/I/51Ed1+HW9cL._SL500_.jpg" alt="Product Image"></a><p>Pentel Hi-Polymer Block Eraser, White, 10/Box (ZEH10PC10)</p><p> -44% 0FF </p><p>$9.99</p><a href="https://www.amazon.com/dp/B07144DC8V?tag=eloabder-20&linkCode=osi&th=1&psc=1">View Product</a></div><div class="product"><a href="https://www.amazon.com/dp/B0047CT6SE?tag=eloabder-20&linkCode=osi&th=1&psc=1"><img src="https://m.media-amazon.com/images/I/41bhWXKeeiL._SL500_.jpg" alt="Product Image"></a><p>Pentel Clic Retractable Eraser with Grip, 3 Pack</p><p> -29% 0FF </p><p>$4.77</p><a href="https://www.amazon.com/dp/B0047CT6SE?tag=eloabder-20&linkCode=osi&th=1&psc=1">View Product</a></div>
<div class="product"><a href="https://www.amazon.com/dp/B09S9X3HV7?tag=eloabder-20&linkCode=osi&th=1&psc=1"><img src="https://m.media-amazon.com/images/I/51GgMyfl5VL._SL500_.jpg" alt="Product Image"></a><p>Color Transparent Ruler Plastic Rulers - Ruler 12 inch, Kids Ruler for School, Ruler with Centimeters, Millimeter and Inches, Assorted Colors, Clear Rulers, 7 Pack School Rulers</p><p> -16% 0FF </p><p>$5.99</p><a href="https://www.amazon.com/dp/B09S9X3HV7?tag=eloabder-20&linkCode=osi&th=1&psc=1">View Product</a></div><div class="product"><a href="https://www.amazon.com/dp/B06XK9VQM4?tag=eloabder-20&linkCode=osi&th=1&psc=1"><img src="https://m.media-amazon.com/images/I/51Glln3n-nL._SL500_.jpg" alt="Product Image"></a><p>Outus 12 Pack Wood Ruler Bulk for Students Wooden School Rulers Gifts Office Classroom Measuring, 2 Scale, 12 Inch and 30 cm</p><p> -6% 0FF </p><p>$7.99</p><a href="https://www.amazon.com/dp/B06XK9VQM4?tag=eloabder-20&linkCode=osi&th=1&psc=1">View Product</a></div><div class="product"><a href="https://www.amazon.com/dp/B0B5MLTG7J?tag=eloabder-20&linkCode=osi&th=1&psc=1"><img src="https://m.media-amazon.com/images/I/51z9LUxLKmL._SL500_.jpg" alt="Product Image"></a><p>DAGONGREN 30 Pack Clear Plastic Rulers 12 Inch,Transparent Assorted Color Metric Bulk Rulers with Inches and Centimeters,Kids Ruler for School,Home,Office</p><p> -9% 0FF </p><p>$9.99</p><a href="https://www.amazon.com/dp/B0B5MLTG7J?tag=eloabder-20&linkCode=osi&th=1&psc=1">View Product</a></div><div class="product"><a href="https://www.amazon.com/dp/B096MPPF53?tag=eloabder-20&linkCode=osi&th=1&psc=1"><img src="https://m.media-amazon.com/images/I/51qUpElDRcS._SL500_.jpg" alt="Product Image"></a><p>Tenare 1 Set Plastic Clear Math Set Includes Protractor Triangle Rulers 12 Inch 6 Inch Straight Geometry Math Transparent Ruler Measuring Tool for School Office Home Supplies(Clear)</p><p> -25% 0FF </p><p>$5.98</p><a href="https://www.amazon.com/dp/B096MPPF53?tag=eloabder-20&linkCode=osi&th=1&psc=1">View Product</a></div>
<div class="product"><a href="https://www.amazon.com/dp/B07YDDX4JL?tag=eloabder-20&linkCode=osi&th=1&psc=1"><img src="https://m.media-amazon.com/images/I/41oBPZwCRLL._SL500_.jpg" alt="Product Image"></a><p>3-Pack 8" Heavy Duty Scissors with Ultra Sharp Blades and Comfort Grip Handles - For Office, Home, School, Sewing, and Crafts</p><p> -15% 0FF </p><p>$8.49 ($2.83 / Count)</p><a href="https://www.amazon.com/dp/B07YDDX4JL?tag=eloabder-20&linkCode=osi&th=1&psc=1">View Product</a></div><div class="product"><a href="https://www.amazon.com/dp/B01BRGU8R0?tag=eloabder-20&linkCode=osi&th=1&psc=1"><img src="https://m.media-amazon.com/images/I/41ANVra+eNL._SL500_.jpg" alt="Product Image"></a><p>Amazon Basics Stainless Steel Scissors for Office, Crafts, Multipurpose, Sharp, Comfort Grip, PVD Coated, 3 Pack, Multicolor</p><p> -45% 0FF </p><p>$7.55</p><a href="https://www.amazon.com/dp/B01BRGU8R0?tag=eloabder-20&linkCode=osi&th=1&psc=1">View Product</a></div><div class="product"><a href="https://www.amazon.com/dp/B000P0LNRE?tag=eloabder-20&linkCode=osi&th=1&psc=1"><img src="https://m.media-amazon.com/images/I/41fWgMTO0JL._SL500_.jpg" alt="Product Image"></a><p>Westcott 8-Inch Titanium-Bonded Scissors with Adjustable Glide Feature for Office and Home - Gray/Yellow, 2-Pack</p><p> -33% 0FF </p><p>$9.97</p><a href="https://www.amazon.com/dp/B000P0LNRE?tag=eloabder-20&linkCode=osi&th=1&psc=1">View Product</a></div>
<div class="product"><a href="https://www.amazon.com/dp/B074ZRZ4CZ?tag=eloabder-20&linkCode=osi&th=1&psc=1"><img src="https://m.media-amazon.com/images/I/41bu+HKxC2L._SL500_.jpg" alt="Product Image"></a><p>Swingline Commercial Stapler, 20 Sheet Capacity, Jam Free, Metal, 2 Pack, Black (44401AZ)</p><p> -5% 0FF </p><p>$18.98</p><a href="https://www.amazon.com/dp/B074ZRZ4CZ?tag=eloabder-20&linkCode=osi&th=1&psc=1">View Product</a></div><div class="product"><a href="https://www.amazon.com/dp/B001PME62K?tag=eloabder-20&linkCode=osi&th=1&psc=1"><img src="https://m.media-amazon.com/images/I/41gbaJu-3iL._SL500_.jpg" alt="Product Image"></a><p>Swingline Stapler, 40 Sheet Capacity, Optima 40, Jam Free, Reduced Effort, Soft Grip, Metal, Orange and Gray (87845)</p><p> -14% 0FF </p><p>$24.19</p><a href="https://www.amazon.com/dp/B001PME62K?tag=eloabder-20&linkCode=osi&th=1&psc=1">View Product</a></div><div class="product"><a href="https://www.amazon.com/dp/B0D2JBKYM1?tag=eloabder-20&linkCode=osi&th=1&psc=1"><img src="https://m.media-amazon.com/images/I/41zFTU9QpfL._SL500_.jpg" alt="Product Image"></a><p>Bostitch Office Stapler, No-Jam Premium for Desktop, Includes 1,250 Staples, Full-Strip, 25 Sheet Capacity, Black</p><p> -26% 0FF </p><p>$6.99</p><a href="https://www.amazon.com/dp/B0D2JBKYM1?tag=eloabder-20&linkCode=osi&th=1&psc=1">View Product</a></div><div class="product"><a href="https://www.amazon.com/dp/B0CC5GJKM1?tag=eloabder-20&linkCode=osi&th=1&psc=1"><img src="https://m.media-amazon.com/images/I/41JDDoSZQiL._SL500_.jpg" alt="Product Image"></a><p>Metal Stapler Heavy Duty 50 Sheet Capacity with 1750 Staples and Staple Remover, Full Strip Staplers for Desk, No Jam, Non-Slip for Office & Classroom, Black</p><p> -33% 0FF </p><p>$13.29</p><a href="https://www.amazon.com/dp/B0CC5GJKM1?tag=eloabder-20&linkCode=osi&th=1&psc=1">View Product</a></div><div class="product"><a href="https://www.amazon.com/dp/B0006HUQZ6?tag=eloabder-20&linkCode=osi&th=1&psc=1"><img src="https://m.media-amazon.com/images/I/31e-T-f1TGL._SL500_.jpg" alt="Product Image"></a><p>Swingline Stapler, 30 Sheet Capacity, 747 Business Stapler, Jam Free, Metal, Rio Red (74736)</p><p> -23% 0FF </p><p>$15.30</p><a href="https://www.amazon.com/dp/B0006HUQZ6?tag=eloabder-20&linkCode=osi&th=1&psc=1">View Product</a></div>
<div class="product"><a href="https://www.amazon.com/dp/B00J8PJJF0?tag=eloabder-20&linkCode=osi&th=1&psc=1"><img src="https://m.media-amazon.com/images/I/418dc+5ZGkL._SL500_.jpg" alt="Product Image"></a><p>Bostitch Office Premium Standard Staples, 1/4" Full Strip, Box of 5,000 Staples</p><p> -27% 0FF </p><p>$4.39</p><a href="https://www.amazon.com/dp/B00J8PJJF0?tag=eloabder-20&linkCode=osi&th=1&psc=1">View Product</a></div><div class="product"><a href="https://www.amazon.com/dp/B079VYR12V?tag=eloabder-20&linkCode=osi&th=1&psc=1"><img src="https://m.media-amazon.com/images/I/51xAt88vqrL._SL500_.jpg" alt="Product Image"></a><p>Officemate Standard Staples, 10 Boxes General Purpose Staple (91950)</p><p> -10% 0FF </p><p>$14.37</p><a href="https://www.amazon.com/dp/B079VYR12V?tag=eloabder-20&linkCode=osi&th=1&psc=1">View Product</a></div><div class="product"><a href="https://www.amazon.com/dp/B00006IFMQ?tag=eloabder-20&linkCode=osi&th=1&psc=1"><img src="https://m.media-amazon.com/images/I/51UsWZuFq8L._SL500_.jpg" alt="Product Image"></a><p>Bostitch Office B8 PowerCrown 0.25 Inch Staples, Pack of 5,000 Staples (STCRP21151/4), Silver</p><p> -30% 0FF </p><p>$2.33</p><a href="https://www.amazon.com/dp/B00006IFMQ?tag=eloabder-20&linkCode=osi&th=1&psc=1">View Product</a></div>
<div class="product"><a href="https://www.amazon.com/dp/B000J07BRQ?tag=eloabder-20&linkCode=osi&th=1&psc=1"><img src="https://m.media-amazon.com/images/I/51QpJKjajbL._SL500_.jpg" alt="Product Image"></a><p>Scotch Heavy Duty Shipping Packing Tape, Clear, Packing Tape for Moving Boxes and Packaging Supplies, 1.88 in. x 22.2 yd., 6 Roll Dispensers, Moving Supplies</p><p> -35% 0FF </p><p>$12.99</p><a href="https://www.amazon.com/dp/B000J07BRQ?tag=eloabder-20&linkCode=osi&th=1&psc=1">View Product</a></div><div class="product"><a href="https://www.amazon.com/dp/B0000DH8HQ?tag=eloabder-20&linkCode=osi&th=1&psc=1"><img src="https://m.media-amazon.com/images/I/414lAY+087L._SL500_.jpg" alt="Product Image"></a><p>Scotch Magic Tape, Invisible Transparent Tape, 6 Tape Rolls with Dispensers, 3/4 in x 650 in</p><p> -23% 0FF </p><p>$12.34</p><a href="https://www.amazon.com/dp/B0000DH8HQ?tag=eloabder-20&linkCode=osi&th=1&psc=1">View Product</a></div><div class="product"><a href="https://www.amazon.com/dp/B0DQHV6X92?tag=eloabder-20&linkCode=osi&th=1&psc=1"><img src="https://m.media-amazon.com/images/I/51ViCFlgldL._SL500_.jpg" alt="Product Image"></a><p>BeataTap Tape, Invisible Tape, 6 Rolls + 6 Refillable Dispensers, Matte Finish, Writable, 3/4″ x 650″, Transparent Tape, Clear Tape for Gift Wrapping Paper, School Supplies</p><p> -15% 0FF </p><p>$5.94 ($0.99 / Count)</p><a href="https://www.amazon.com/dp/B0DQHV6X92?tag=eloabder-20&linkCode=osi&th=1&psc=1">View Product</a></div><div class="product"><a href="https://www.amazon.com/dp/B07CB6LN5S?tag=eloabder-20&linkCode=osi&th=1&psc=1"><img src="https://m.media-amazon.com/images/I/41NNyeISnjL._SL500_.jpg" alt="Product Image"></a><p>Scotch Super-Hold Tape, 2 Rolls, Transparent Finish, 50% More Adhesive, Trusted Favorite, 3/4 x 600 Inches, Dispensered (198DM-2)</p><p> -30% 0FF </p><p>$5.97</p><a href="https://www.amazon.com/dp/B07CB6LN5S?tag=eloabder-20&linkCode=osi&th=1&psc=1">View Product</a></div><div class="product"><a href="https://www.amazon.com/dp/B00464740A?tag=eloabder-20&linkCode=osi&th=1&psc=1"><img src="https://m.media-amazon.com/images/I/51ZPFoiGfuL._SL500_.jpg" alt="Product Image"></a><p>Scotch Sure Start Shipping Packaging Tape, 1.88" x 22.2 yd, Designed for Packing, Shipping and Mailing, Quiet Unwind, No Splitting or Tearing, 1.5" Core, Clear, 6 Dispensered Rolls (145-6)</p><p> -28% 0FF </p><p>$13.48</p><a href="https://www.amazon.com/dp/B00464740A?tag=eloabder-20&linkCode=osi&th=1&psc=1">View Product</a></div><div class="product"><a href="https://www.amazon.com/dp/B09C6LLG9P?tag=eloabder-20&linkCode=osi&th=1&psc=1"><img src="https://m.media-amazon.com/images/I/41rbv66ZNBL._SL500_.jpg" alt="Product Image"></a><p>Scotch Box Lock Packaging Tape, 1 Roll with Dispenser, 1.88 in x 1000 in, Extreme Grip, Sticks Instantly to Any Box (195L)</p><p> -31% 0FF </p><p>$4.12</p><a href="https://www.amazon.com/dp/B09C6LLG9P?tag=eloabder-20&linkCode=osi&th=1&psc=1">View Product</a></div>
<div class="product"><a href="https://www.amazon.com/dp/B08QQZ71CV?tag=eloabder-20&linkCode=osi&th=1&psc=1"><img src="https://m.media-amazon.com/images/I/51Foz0aGYoS._SL500_.jpg" alt="Product Image"></a><p>Gorilla Super Glue, Clear Glue, Four 3 Gram Tubes (Pack of 1) - All Purpose and Fast Setting for Projects and Repairs</p><p> -25% 0FF </p><p>$9.49 ($22.60 / Ounce)</p><a href="https://www.amazon.com/dp/B08QQZ71CV?tag=eloabder-20&linkCode=osi&th=1&psc=1">View Product</a></div><div class="product"><a href="https://www.amazon.com/dp/B07J6R3GK7?tag=eloabder-20&linkCode=osi&th=1&psc=1"><img src="https://m.media-amazon.com/images/I/31kdOjGBkpL._SL500_.jpg" alt="Product Image"></a><p>Amazon Basics All Purpose Washable School Clear Liquid Glue - Great for Making Slime, 128 fl oz</p><p> -6% 0FF </p><p>$16.13</p><a href="https://www.amazon.com/dp/B07J6R3GK7?tag=eloabder-20&linkCode=osi&th=1&psc=1">View Product</a></div><div class="product"><a href="https://www.amazon.com/dp/B00178QQJ8?tag=eloabder-20&linkCode=osi&th=1&psc=1"><img src="https://m.media-amazon.com/images/I/41zs6k410RL._SL500_.jpg" alt="Product Image"></a><p>Mod Podge Gloss Sealer, Glue & Finish: All-in-One Craft Solution- Quick Dry, Easy Clean, for Wood, Paper, Fabric & More. Non-Toxic - Craft with Confidence, Made in USA, 16 oz., Pack of 1</p><p> -36% 0FF </p><p>$7.99 ($0.50 / Fl Oz)</p><a href="https://www.amazon.com/dp/B00178QQJ8?tag=eloabder-20&linkCode=osi&th=1&psc=1">View Product</a></div><div class="product"><a href="https://www.amazon.com/dp/B073V14DZJ?tag=eloabder-20&linkCode=osi&th=1&psc=1"><img src="https://m.media-amazon.com/images/I/31Iyy5+vk6L._SL500_.jpg" alt="Product Image"></a><p>Amazon Basics All Purpose Washable School Craft Liquid Glue for Making Slime, White, Single Pack, 1 Gallon</p><p> -7% 0FF </p><p>$15.54</p><a href="https://www.amazon.com/dp/B073V14DZJ?tag=eloabder-20&linkCode=osi&th=1&psc=1">View Product</a></div><div class="product"><a href="https://www.amazon.com/dp/B0006HUJCQ?tag=eloabder-20&linkCode=osi&th=1&psc=1"><img src="https://m.media-amazon.com/images/I/511pTqChTCL._SL500_.jpg" alt="Product Image"></a><p>Loctite Super Glue Gel Control, Clear, 0.14 fl oz Bottle, 1 Pack - Superglue for Plastic, Wood, Metal, Crafts & Repair, Cyanoacrylate Adhesive Instant Glue, Quick Dry</p><p> -13% 0FF </p><p>$3.64 ($26.00 / Fl Oz)</p><a href="https://www.amazon.com/dp/B0006HUJCQ?tag=eloabder-20&linkCode=osi&th=1&psc=1">View Product</a></div>
<div class="product"><a href="https://www.amazon.com/dp/B074XTRX7K?tag=eloabder-20&linkCode=osi&th=1&psc=1"><img src="https://m.media-amazon.com/images/I/31rOPIrMfDL._SL500_.jpg" alt="Product Image"></a><p>Amazon Basics Sturdy Binder Clips for Office Use, 96 Count (8 Pack of 12), Medium, 1.25 in, Black</p><p> -26% 0FF </p><p>$7.48</p><a href="https://www.amazon.com/dp/B074XTRX7K?tag=eloabder-20&linkCode=osi&th=1&psc=1">View Product</a></div><div class="product"><a href="https://www.amazon.com/dp/B00TQ8FDB8?tag=eloabder-20&linkCode=osi&th=1&psc=1"><img src="https://m.media-amazon.com/images/I/51y7lUrMLnL._SL500_.jpg" alt="Product Image"></a><p>ACCO Binder Clips, Medium, Black, 12 per Box, 2 Boxes (72062)</p><p> -25% 0FF </p><p>$5.96</p><a href="https://www.amazon.com/dp/B00TQ8FDB8?tag=eloabder-20&linkCode=osi&th=1&psc=1">View Product</a></div><div class="product"><a href="https://www.amazon.com/dp/B08KWCDP3C?tag=eloabder-20&linkCode=osi&th=1&psc=1"><img src="https://m.media-amazon.com/images/I/41qucDz6HuL._SL500_.jpg" alt="Product Image"></a><p>Ufmarine Medium Binder Clips 1.25 inch Length, (40 Pcs) Colorful Paper Clips Medium for Office</p><p> -12% 0FF </p><p>$5.99</p><a href="https://www.amazon.com/dp/B08KWCDP3C?tag=eloabder-20&linkCode=osi&th=1&psc=1">View Product</a></div>
<div class="product"><a href="https://www.amazon.com/dp/B09XQLJFDD?tag=eloabder-20&linkCode=osi&th=1&psc=1"><img src="https://m.media-amazon.com/images/I/41iiSFMy4uL._SL500_.jpg" alt="Product Image"></a><p>PAPERPAL Paperclips for Office School & Personal Use, #1 Nonskid Paper Clip (1-2/7"), 600 Medium Paper Clips (6 Boxes of 100 Each), Silver</p><p> -20% 0FF </p><p>$7.99</p><a href="https://www.amazon.com/dp/B09XQLJFDD?tag=eloabder-20&linkCode=osi&th=1&psc=1">View Product</a></div>

<div class="product"><a href="https://www.amazon.com/dp/B004I2G8NO?tag=eloabder-20&linkCode=osi&th=1&psc=1"><img src="https://m.media-amazon.com/images/I/51WEsLRINGL._SL500_.jpg" alt="Product Image"></a><p>Business Source Rubber Band, Natural (1914LB)</p><p> -26% 0FF </p><p>$4.00</p><a href="https://www.amazon.com/dp/B004I2G8NO?tag=eloabder-20&linkCode=osi&th=1&psc=1">View Product</a></div><div class="product"><a href="https://www.amazon.com/dp/B077GDY1LP?tag=eloabder-20&linkCode=osi&th=1&psc=1"><img src="https://m.media-amazon.com/images/I/41nn0nmNTiL._SL500_.jpg" alt="Product Image"></a><p>ANNIE 1000 RUBBER BANDS 1/2" #BLACK</p><p> -7% 0FF </p><p>$4.90 ($1.22 / Count)</p><a href="https://www.amazon.com/dp/B077GDY1LP?tag=eloabder-20&linkCode=osi&th=1&psc=1">View Product</a></div><div class="product"><a href="https://www.amazon.com/dp/B000783OPI?tag=eloabder-20&linkCode=osi&th=1&psc=1"><img src="https://m.media-amazon.com/images/I/510okXKzMqL._SL500_.jpg" alt="Product Image"></a><p>Universal 00419 19-Size Rubber Bands (335 Per Pack), Beige</p><p> -29% 0FF </p><p>$3.44</p><a href="https://www.amazon.com/dp/B000783OPI?tag=eloabder-20&linkCode=osi&th=1&psc=1">View Product</a></div><div class="product"><a href="https://www.amazon.com/dp/B00006IBRU?tag=eloabder-20&linkCode=osi&th=1&psc=1"><img src="https://m.media-amazon.com/images/I/51pU5khkX8L._SL500_.jpg" alt="Product Image"></a><p>ALL26335 - Alliance Rubber 26335 Advantage Rubber Bands - Size #33, Natural, 1 Pound 3 x 1/8 inches</p><p> -62% 0FF </p><p>$3.29</p><a href="https://www.amazon.com/dp/B00006IBRU?tag=eloabder-20&linkCode=osi&th=1&psc=1">View Product</a></div>
<div class="product"><a href="https://www.amazon.com/dp/B0DSKTZBB6?tag=eloabder-20&linkCode=osi&th=1&psc=1"><img src="https://m.media-amazon.com/images/I/415YD3kNFlL._SL500_.jpg" alt="Product Image"></a><p>300 Count Colored Index Cards 3 x 5 Inch Ruled Index Cards, Flash Cards College Ruled for School, College, Office and Home Organization, Durable Study To Do List Note Cards with Ruled Lines</p><p> -10% 0FF </p><p>$6.29</p><a href="https://www.amazon.com/dp/B0DSKTZBB6?tag=eloabder-20&linkCode=osi&th=1&psc=1">View Product</a></div><div class="product"><a href="https://www.amazon.com/dp/B09JYQZQ3V?tag=eloabder-20&linkCode=osi&th=1&psc=1"><img src="https://m.media-amazon.com/images/I/41y5vfnutuL._SL500_.jpg" alt="Product Image"></a><p>Oxford Index Cards, 3 x 5 Inches, White, Lined on Front, Blank on Back, Flashcards for School and Studying, Recipe Note Cards, 500 Count (5 Packs of 100) (40176)</p><p> -22% 0FF </p><p>$7.01</p><a href="https://www.amazon.com/dp/B09JYQZQ3V?tag=eloabder-20&linkCode=osi&th=1&psc=1">View Product</a></div>
<div class="product"><a href="https://www.amazon.com/dp/B00P9U2EM8?tag=eloabder-20&linkCode=osi&th=1&psc=1"><img src="https://m.media-amazon.com/images/I/41Op5kyIukL._SL500_.jpg" alt="Product Image"></a><p>Mead Spiral Notebook, 6 Pack, 1 Subject, College Ruled Paper, 7-1/2" x 10-1/2", 70 Sheets per Notebook, Colors Will Vary (830062-ECM25)</p><p> -46% 0FF </p><p>$6.71</p><a href="https://www.amazon.com/dp/B00P9U2EM8?tag=eloabder-20&linkCode=osi&th=1&psc=1">View Product</a></div><div class="product"><a href="https://www.amazon.com/dp/B0CQN8FVJX?tag=eloabder-20&linkCode=osi&th=1&psc=1"><img src="https://m.media-amazon.com/images/I/414WVVoGFPL._SL500_.jpg" alt="Product Image"></a><p>SUNEE Spiral Notebooks, 1-Subject, 5 Pack, College Ruled Paper, 8" x 10-1/2", 70 Sheets per Notebook,3-Hole Punched Paper, Pink,Purple, Blue, Green, Yellow Spiral Lined Notebooks for School,Work</p><p> -29% 0FF </p><p>$9.99</p><a href="https://www.amazon.com/dp/B0CQN8FVJX?tag=eloabder-20&linkCode=osi&th=1&psc=1">View Product</a></div><div class="product"><a href="https://www.amazon.com/dp/B08NYRMWZ8?tag=eloabder-20&linkCode=osi&th=1&psc=1"><img src="https://m.media-amazon.com/images/I/41y1cnNXtOL._SL500_.jpg" alt="Product Image"></a><p>Yansanido Spiral Notebook, 4 Pcs 8.3 Inch x 5.9 Inch A5 Thick Plastic Hardcover 8mm Ruled 4 Color 80 Sheets -160 Pages Journals for Study and Notes (style 10-Wine Red,Brown,Green,ivory, A5)</p><p> -23% 0FF </p><p>$9.99</p><a href="https://www.amazon.com/dp/B08NYRMWZ8?tag=eloabder-20&linkCode=osi&th=1&psc=1">View Product</a></div><div class="product"><a href="https://www.amazon.com/dp/B08VF9VYLZ?tag=eloabder-20&linkCode=osi&th=1&psc=1"><img src="https://m.media-amazon.com/images/I/41ktUSmtHAL._SL500_.jpg" alt="Product Image"></a><p>Oxford Spiral Notebooks, 6 Pack, 1 Subject, Wide Ruled Notebooks for School, 8 x 10.5 Inches, 70 Sheets, Assorted Pastel Colors, Back to School Supplies (63757)</p><p> -6% 0FF </p><p>$8.99</p><a href="https://www.amazon.com/dp/B08VF9VYLZ?tag=eloabder-20&linkCode=osi&th=1&psc=1">View Product</a></div>
<div class="product"><a href="https://www.amazon.com/dp/B0FDRCSXZH?tag=eloabder-20&linkCode=osi&th=1&psc=1"><img src="https://m.media-amazon.com/images/I/41rYztS-0zL._SL500_.jpg" alt="Product Image"></a><p>5pcs Small Note Pads, Color Notepads 5x8 College Ruled Notebook, Writing Pads 5 x 8, Legal Pads, Memo Pad Paper Perforate Narrow Ruled Notebooks for Work, School, Office Supplies,30 Sheets/Pack</p><p> -14% 0FF </p><p>$5.99</p><a href="https://www.amazon.com/dp/B0FDRCSXZH?tag=eloabder-20&linkCode=osi&th=1&psc=1">View Product</a></div><div class="product"><a href="https://www.amazon.com/dp/B0BZQNCV62?tag=eloabder-20&linkCode=osi&th=1&psc=1"><img src="https://m.media-amazon.com/images/I/41yNqvqCwoL._SL500_.jpg" alt="Product Image"></a><p>Alitte Legal Notepads 8.5 x 11, Pack of 12 - Perforated Wide Ruled Writing Pad - Premium Thick Paper, No Ink Bleeding - Blank Legal Pads For Home, Office, School, Business - 50 Sheets Per Notebook</p><p> -17% 0FF </p><p>$24.99</p><a href="https://www.amazon.com/dp/B0BZQNCV62?tag=eloabder-20&linkCode=osi&th=1&psc=1">View Product</a></div>
<div class="product"><a href="https://www.amazon.com/dp/B0C7S1PCX4?tag=eloabder-20&linkCode=osi&th=1&psc=1"><img src="https://m.media-amazon.com/images/I/41nVRBg2klL._SL500_.jpg" alt="Product Image"></a><p>Oxford 8.5 x 11 Legal Pads, 12 Pack, Wide Ruled, Yellow Paper, 50 Sheets Per Writing Pad, Made in the USA (74020)</p><p> -30% 0FF </p><p>$12.60</p><a href="https://www.amazon.com/dp/B0C7S1PCX4?tag=eloabder-20&linkCode=osi&th=1&psc=1">View Product</a></div><div class="product"><a href="https://www.amazon.com/dp/B0CGF22134?tag=eloabder-20&linkCode=osi&th=1&psc=1"><img src="https://m.media-amazon.com/images/I/41FzLgeXAyL._SL500_.jpg" alt="Product Image"></a><p>MSKKSM Legal Pads 8.5 x 11, 3 Pack Yellow Note Pads 8.5 x 11 Writing Pads, Wide Ruled Legal Notepads, Lined Pads of Paper Yellow Paper Pads, 30 Sheets Per Notepad for School, Home, Office, Business</p><p> -17% 0FF </p><p>$9.99</p><a href="https://www.amazon.com/dp/B0CGF22134?tag=eloabder-20&linkCode=osi&th=1&psc=1">View Product</a></div><div class="product"><a href="https://www.amazon.com/dp/B0FCMWHFC2?tag=eloabder-20&linkCode=osi&th=1&psc=1"><img src="https://m.media-amazon.com/images/I/41MMVFB-S4L._SL500_.jpg" alt="Product Image"></a><p>5pcs Legal Pads 8.5 x 11, Notepads 8.5 x 11 Inch, Color Note Pads Clear Print Writing Pads of Paper, Memo Pads , Perforate Legal Notepads Paper , Wide Ruled Lined with Sturdy Back,30 Sheets/Pack</p><p> -8% 0FF </p><p>$11.99</p><a href="https://www.amazon.com/dp/B0FCMWHFC2?tag=eloabder-20&linkCode=osi&th=1&psc=1">View Product</a></div>
<div class="product"><a href="https://www.amazon.com/dp/B08H593JZG?tag=eloabder-20&linkCode=osi&th=1&psc=1"><img src="https://m.media-amazon.com/images/I/415Ykzo-lyL._SL500_.jpg" alt="Product Image"></a><p>Eastern Wolf 8 Pads Sticky Notes 3x3 Self-Stick Notes 8 Bright Multi Colors Purple Sticky Notes, 85 Sheet/Pad</p><p> -20% 0FF </p><p>$5.59</p><a href="https://www.amazon.com/dp/B08H593JZG?tag=eloabder-20&linkCode=osi&th=1&psc=1">View Product</a></div><div class="product"><a href="https://www.amazon.com/dp/B0BPJW13CM?tag=eloabder-20&linkCode=osi&th=1&psc=1"><img src="https://m.media-amazon.com/images/I/41uKwTyz1rL._SL500_.jpg" alt="Product Image"></a><p>Post-it 100% Recycled Paper Super Sticky Notes, 2X The Sticking Power, 3x3 in, 5 Pads, 70 Sheets/Pad, Wanderlust Pastels Collection (654R-5SSNRP)</p><p> -33% 0FF </p><p>$5.98</p><a href="https://www.amazon.com/dp/B0BPJW13CM?tag=eloabder-20&linkCode=osi&th=1&psc=1">View Product</a></div><div class="product"><a href="https://www.amazon.com/dp/B0D6RPPK9H?tag=eloabder-20&linkCode=osi&th=1&psc=1"><img src="https://m.media-amazon.com/images/I/41O8zZ-RN4L._SL500_.jpg" alt="Product Image"></a><p>(18 Pads) Sticky Notes 3x3 inch, Self-Stick Pads Bright Colors Sticky Note, Recyclable, Easy to Post for Home, Office, Notebook</p><p> -40% 0FF </p><p>$8.39</p><a href="https://www.amazon.com/dp/B0D6RPPK9H?tag=eloabder-20&linkCode=osi&th=1&psc=1">View Product</a></div><div class="product"><a href="https://www.amazon.com/dp/B0CMGJ6FRB?tag=eloabder-20&linkCode=osi&th=1&psc=1"><img src="https://m.media-amazon.com/images/I/41xF9DqIGZL._SL500_.jpg" alt="Product Image"></a><p>Sticky Notes, 12 Pads, 3x3 inches, Soft Pastel Self-Stick Note Pads, Perfect for Office, Study, and Daily Life Organization - Soft Pastel</p><p> -16% 0FF </p><p>$5.06</p><a href="https://www.amazon.com/dp/B0CMGJ6FRB?tag=eloabder-20&linkCode=osi&th=1&psc=1">View Product</a></div>
<div class="product"><a href="https://www.amazon.com/dp/B07VRYX57R?tag=eloabder-20&linkCode=osi&th=1&psc=1"><img src="https://m.media-amazon.com/images/I/410XbLRqukL._SL500_.jpg" alt="Product Image"></a><p>(24 Pack) Sticky Notes 3x3 in Post Bright Stickies Colorful Super Sticking Power Memo Pads, Strong Adhesive, 74 Sheets/pad</p><p> -35% 0FF </p><p>$16.99</p><a href="https://www.amazon.com/dp/B07VRYX57R?tag=eloabder-20&linkCode=osi&th=1&psc=1">View Product</a></div><div class="product"><a href="https://www.amazon.com/dp/B00QSR9PRI?tag=eloabder-20&linkCode=osi&th=1&psc=1"><img src="https://m.media-amazon.com/images/I/31n-YNlgraL._SL500_.jpg" alt="Product Image"></a><p>Amazon Basics Narrow Ruled Lined Writing Note Pad, 5 inch x 8 inch, White, 12 Count (12 Pack of 50 pages)</p><p> -6% 0FF </p><p>$8.78</p><a href="https://www.amazon.com/dp/B00QSR9PRI?tag=eloabder-20&linkCode=osi&th=1&psc=1">View Product</a></div><div class="product"><a href="https://www.amazon.com/dp/B0D5M4D3NN?tag=eloabder-20&linkCode=osi&th=1&psc=1"><img src="https://m.media-amazon.com/images/I/41uzPvHBCDL._SL500_.jpg" alt="Product Image"></a><p>(12 Pack) Lined Sticky Notes 4x6 in Ruled Stickies Super Sticking Power Memo Pads Bright Colors</p><p> -40% 0FF </p><p>$8.98</p><a href="https://www.amazon.com/dp/B0D5M4D3NN?tag=eloabder-20&linkCode=osi&th=1&psc=1">View Product</a></div><div class="product"><a href="https://www.amazon.com/dp/B0CQK3M5VK?tag=eloabder-20&linkCode=osi&th=1&psc=1"><img src="https://m.media-amazon.com/images/I/31jKEzc1qFL._SL500_.jpg" alt="Product Image"></a><p>Note Pads 4x6 Inch, 6 Pack Blank Scratch Pads, 50 Sheets Per Memo Pad for Writing, White Pad of Paper Suit for Home, Office and School, Tear off Notepad, Small Server Notebook</p><p> -10% 0FF </p><p>$6.29</p><a href="https://www.amazon.com/dp/B0CQK3M5VK?tag=eloabder-20&linkCode=osi&th=1&psc=1">View Product</a></div>
<div class="product"><a href="https://www.amazon.com/dp/B0F5D4VNBX?tag=eloabder-20&linkCode=osi&th=1&psc=1"><img src="https://m.media-amazon.com/images/I/41SnXbixNcL._SL500_.jpg" alt="Product Image"></a><p>Blue Sky 2026 Weekly and Monthly Planner Calendar, Includes January 2026 - December 2026, 5" x 8", Flexible Cover, Wirebound, Laminated Tabs, Enterprise</p><p> -10% 0FF </p><p>$8.99</p><a href="https://www.amazon.com/dp/B0F5D4VNBX?tag=eloabder-20&linkCode=osi&th=1&psc=1">View Product</a></div><div class="product"><a href="https://www.amazon.com/dp/B0FRNQDRCR?tag=eloabder-20&linkCode=osi&th=1&psc=1"><img src="https://m.media-amazon.com/images/I/51rBf1oJchL._SL500_.jpg" alt="Product Image"></a><p>Essential PRO 2026 Daily, Weekly & Monthly Planner, 7"x9": 14 Months (Nov 2025 - Dec 2026) Monthly Tabs,Daily Tracking,Notes Pages,Storage Pocket,Bookmark w Sticky Notes (Tree Seasons)</p><p> -14% 0FF </p><p>$29.95</p><a href="https://www.amazon.com/dp/B0FRNQDRCR?tag=eloabder-20&linkCode=osi&th=1&psc=1">View Product</a></div><div class="product"><a href="https://www.amazon.com/dp/B0DYBQWJ5S?tag=eloabder-20&linkCode=osi&th=1&psc=1"><img src="https://m.media-amazon.com/images/I/41UP6Ui7BjL._SL500_.jpg" alt="Product Image"></a><p>AT-A-GLANCE 2026 Appointment Book Planner, Weekly, 8" x 11", Large, Quarter-Hourly, DayMinder, Black (G5200026)</p><p> -45% 0FF </p><p>$15.87</p><a href="https://www.amazon.com/dp/B0DYBQWJ5S?tag=eloabder-20&linkCode=osi&th=1&psc=1">View Product</a></div><div class="product"><a href="https://www.amazon.com/dp/B0DJ8SXCR4?tag=eloabder-20&linkCode=osi&th=1&psc=1"><img src="https://m.media-amazon.com/images/I/41sRmmLvCsL._SL500_.jpg" alt="Product Image"></a><p>Planner 2025-2026, Weekly and Monthly Calendar Academic Planner (July 2025 - June 2026), Hardcover Teacher School Student Agenda with Tabs, Ideal for School Office Supplies, A5 (6.3" x 8.5") - Green</p><p> -25% 0FF </p><p>$8.99</p><a href="https://www.amazon.com/dp/B0DJ8SXCR4?tag=eloabder-20&linkCode=osi&th=1&psc=1">View Product</a></div><div class="product"><a href="https://www.amazon.com/dp/B0D2VW43KP?tag=eloabder-20&linkCode=osi&th=1&psc=1"><img src="https://m.media-amazon.com/images/I/41eyA1Q1U4L._SL500_.jpg" alt="Product Image"></a><p>Forvencer 2026 Planner, Hardcover Calendar Planner Weekly and Monthly, January 2026 - December 2026, 8.5" x 11", Spiral Agenda Book with Tabs, Exquisite Daily Journal with Inner Pocket, Organizer Notebook for Office Home School, A4 Size, Green</p><p> -41% 0FF </p><p>$9.99</p><a href="https://www.amazon.com/dp/B0D2VW43KP?tag=eloabder-20&linkCode=osi&th=1&psc=1">View Product</a></div>
<div class="product"><a href="https://www.amazon.com/dp/B0DYBYRY3R?tag=eloabder-20&linkCode=osi&th=1&psc=1"><img src="https://m.media-amazon.com/images/I/41oxPcKnCuL._SL500_.jpg" alt="Product Image"></a><p>AT-A-GLANCE 2026 Desk Calendar, Monthly, Desk Pad, 21-3/4" x 17", Large, Ruled Blocks (SK240026)</p><p> -19% 0FF </p><p>$11.89</p><a href="https://www.amazon.com/dp/B0DYBYRY3R?tag=eloabder-20&linkCode=osi&th=1&psc=1">View Product</a></div><div class="product"><a href="https://www.amazon.com/dp/B0DXQ416QR?tag=eloabder-20&linkCode=osi&th=1&psc=1"><img src="https://m.media-amazon.com/images/I/41o3YUjfIVL._SL500_.jpg" alt="Product Image"></a><p>Aesthetic 2025-2026 Wall Calendar - Runs from May 2025 Until December 2026 - The Perfect Modern Calendar Planner for Easy Organizing</p><p> -43% 0FF </p><p>$3.99</p><a href="https://www.amazon.com/dp/B0DXQ416QR?tag=eloabder-20&linkCode=osi&th=1&psc=1">View Product</a></div><div class="product"><a href="https://www.amazon.com/dp/B0CCRXKSK8?tag=eloabder-20&linkCode=osi&th=1&psc=1"><img src="https://m.media-amazon.com/images/I/51eOdkimr+L._SL500_.jpg" alt="Product Image"></a><p>SUNEE Wall Calendar 2025-2026 Large 22.75"x15.5", 21 Month Calendar from October 2025 to June 2027, Vertical Extra Large Monthly Calendar 2026 for Wall, Seasons Color</p><p> -24% 0FF </p><p>$15.19</p><a href="https://www.amazon.com/dp/B0CCRXKSK8?tag=eloabder-20&linkCode=osi&th=1&psc=1">View Product</a></div><div class="product"><a href="https://www.amazon.com/dp/B0F7HZ7C9G?tag=eloabder-20&linkCode=osi&th=1&psc=1"><img src="https://m.media-amazon.com/images/I/41rkKO18HGL._SL500_.jpg" alt="Product Image"></a><p>Beautiful 2025-2026 Wall Calendar - Runs from July 2025 until December 2026 – Large 14.5" x 11.5" Office Wall Calendar for Easy Organizing</p><p> -10% 0FF </p><p>$8.99</p><a href="https://www.amazon.com/dp/B0F7HZ7C9G?tag=eloabder-20&linkCode=osi&th=1&psc=1">View Product</a></div><div class="product"><a href="https://www.amazon.com/dp/B0DYDC7ZLV?tag=eloabder-20&linkCode=osi&th=1&psc=1"><img src="https://m.media-amazon.com/images/I/51MOLWJ45HL._SL500_.jpg" alt="Product Image"></a><p>XISIDO 2025-2026 Wall Calendar, Calendar 2025-2026, 18 Month Calendar July 2025 - December 2026, 14.8" X 11.5", Calendar with Twin-Wire Binding, Hanging Hook and Julian Dates (Seasonal Designs)</p><p> -20% 0FF </p><p>$7.99</p><a href="https://www.amazon.com/dp/B0DYDC7ZLV?tag=eloabder-20&linkCode=osi&th=1&psc=1">View Product</a></div><div class="product"><a href="https://www.amazon.com/dp/B0D2KCVBBD?tag=eloabder-20&linkCode=osi&th=1&psc=1"><img src="https://m.media-amazon.com/images/I/51Eg-3ZKZxL._SL500_.jpg" alt="Product Image"></a><p>XISIDO Calendar 2025-2026, 18 Months Wall Calendar July 2025 to Dec 2026 Calendar with Julian Dates, 11" X 8.5" (Colorful)</p><p> -33% 0FF </p><p>$3.99</p><a href="https://www.amazon.com/dp/B0D2KCVBBD?tag=eloabder-20&linkCode=osi&th=1&psc=1">View Product</a></div><div class="product"><a href="https://www.amazon.com/dp/B0DY7R9226?tag=eloabder-20&linkCode=osi&th=1&psc=1"><img src="https://m.media-amazon.com/images/I/41eTUjCfzFL._SL500_.jpg" alt="Product Image"></a><p>Lbylyhxc Wall Calendar 2025-2026 - Runs from July 2025 to December 2026-18 Monthly Calendar 2026. Thick Paper includes major holidays and dedicated space for notes and important dates (Colorful Calendar 2025-2026)</p><p> -50% 0FF </p><p>$2.49</p><a href="https://www.amazon.com/dp/B0DY7R9226?tag=eloabder-20&linkCode=osi&th=1&psc=1">View Product</a></div>
<div class="product"><a href="https://www.amazon.com/dp/B00NI5LVAW?tag=eloabder-20&linkCode=osi&th=1&psc=1"><img src="https://m.media-amazon.com/images/I/31X0RgqQ1ML._SL500_.jpg" alt="Product Image"></a><p>Pendaflex File Folders, Letter Size, 1/3 Cut, Manila, 250 per Box (752250)</p><p> -11% 0FF </p><p>$26.50</p><a href="https://www.amazon.com/dp/B00NI5LVAW?tag=eloabder-20&linkCode=osi&th=1&psc=1">View Product</a></div><div class="product"><a href="https://www.amazon.com/dp/B0D1YBFHS8?tag=eloabder-20&linkCode=osi&th=1&psc=1"><img src="https://m.media-amazon.com/images/I/41qkHxiS+vL._SL500_.jpg" alt="Product Image"></a><p>SUNEE File Folders, 30 Pack Manilla Folders 8.5 x 11, Colored File Folders Home Office School Supplies for Documents Files Paper, 6 Assorted Colors</p><p> -26% 0FF </p><p>$9.99</p><a href="https://www.amazon.com/dp/B0D1YBFHS8?tag=eloabder-20&linkCode=osi&th=1&psc=1">View Product</a></div><div class="product"><a href="https://www.amazon.com/dp/B000DZ9XGO?tag=eloabder-20&linkCode=osi&th=1&psc=1"><img src="https://m.media-amazon.com/images/I/31WKzTB-4WL._SL500_.jpg" alt="Product Image"></a><p>Oxford Two-Pocket Folders, Assorted Colors, Letter Size, 25 per box (57513)</p><p> -32% 0FF </p><p>$12.23</p><a href="https://www.amazon.com/dp/B000DZ9XGO?tag=eloabder-20&linkCode=osi&th=1&psc=1">View Product</a></div><div class="product"><a href="https://www.amazon.com/dp/B0F8H75MLS?tag=eloabder-20&linkCode=osi&th=1&psc=1"><img src="https://m.media-amazon.com/images/I/41GV18+8+zL._SL500_.jpg" alt="Product Image"></a><p>Plastic Folders with Pockets, 6 Pack Document Folders with Business Card Slot, 2 Pocket Folders Back to School Supplies for Kids, Office</p><p> -33% 0FF </p><p>$5.99</p><a href="https://www.amazon.com/dp/B0F8H75MLS?tag=eloabder-20&linkCode=osi&th=1&psc=1">View Product</a></div><div class="product"><a href="https://www.amazon.com/dp/B0CPDTKFVF?tag=eloabder-20&linkCode=osi&th=1&psc=1"><img src="https://m.media-amazon.com/images/I/41PQ8ToLyhL._SL500_.jpg" alt="Product Image"></a><p>Aegero Plastic Folders with Pockets (7 Pack, Assorted Colors), Durable Heavy Duty File Folders with Business Card Slot, 2-Pocket Folder for Schoolwork & Office,Letter Size…</p><p> -11% 0FF </p><p>$7.99</p><a href="https://www.amazon.com/dp/B0CPDTKFVF?tag=eloabder-20&linkCode=osi&th=1&psc=1">View Product</a></div>
<div class="product"><a href="https://www.amazon.com/dp/B0CSPT4RFH?tag=eloabder-20&linkCode=osi&th=1&psc=1"><img src="https://m.media-amazon.com/images/I/31O8kdFg7FL._SL500_.jpg" alt="Product Image"></a><p>Two Tone Color File Folders 8.5 x 11 Inch, 1/3 Cut Tab File Folders Letter Size, Assorted Colors, Blue Red Green Yellow Orange Manila File Folders, School Business Office Folders for Document -15 Pack</p><p> -13% 0FF </p><p>$6.99</p><a href="https://www.amazon.com/dp/B0CSPT4RFH?tag=eloabder-20&linkCode=osi&th=1&psc=1">View Product</a></div><div class="product"><a href="https://www.amazon.com/dp/B01MXC0YS5?tag=eloabder-20&linkCode=osi&th=1&psc=1"><img src="https://m.media-amazon.com/images/I/41YLerNwKTL._SL500_.jpg" alt="Product Image"></a><p>Pendaflex Hanging File Folders, Letter Size, Assorted Colors, 1/5-Cut Adjustable Tabs, 25 Per Box (81663)</p><p> -7% 0FF </p><p>$13.99</p><a href="https://www.amazon.com/dp/B01MXC0YS5?tag=eloabder-20&linkCode=osi&th=1&psc=1">View Product</a></div><div class="product"><a href="https://www.amazon.com/dp/B0896Q5MMC?tag=eloabder-20&linkCode=osi&th=1&psc=1"><img src="https://m.media-amazon.com/images/I/41jDOLSqtWL._SL500_.jpg" alt="Product Image"></a><p>Pendaflex Two Tone Color File Folders, Letter Size, Assorted Colors (Teal, Violet, Gray, Navy and Burgundy), 1/3-Cut Tabs, 5 Color, 100/Box, (02315)</p><p> -27% 0FF </p><p>$13.89</p><a href="https://www.amazon.com/dp/B0896Q5MMC?tag=eloabder-20&linkCode=osi&th=1&psc=1">View Product</a></div><div class="product"><a href="https://www.amazon.com/dp/B0D1YCC6KK?tag=eloabder-20&linkCode=osi&th=1&psc=1"><img src="https://m.media-amazon.com/images/I/31aHHvZVc+L._SL500_.jpg" alt="Product Image"></a><p>SUNEE File Folders, 30 Pack Manilla Folders 8.5 x 11, Colored File Folders Home Office School Supplies for Documents Files Paper,6 Pastel Colors</p><p> -26% 0FF </p><p>$9.99</p><a href="https://www.amazon.com/dp/B0D1YCC6KK?tag=eloabder-20&linkCode=osi&th=1&psc=1">View Product</a></div>
<div class="product"><a href="https://www.amazon.com/dp/B0FGXLHFDD?tag=eloabder-20&linkCode=osi&th=1&psc=1"><img src="https://m.media-amazon.com/images/I/414ng1TKsOL._SL500_.jpg" alt="Product Image"></a><p>Trandraft Plastic Extra Capacity Hanging File Folders, 5 Inch Expanding Pocket with Movable Dividers, Letter Size Black File Folders with Insertable Tabs for Filing Cabine</p><p> -5% 0FF </p><p>$18.99</p><a href="https://www.amazon.com/dp/B0FGXLHFDD?tag=eloabder-20&linkCode=osi&th=1&psc=1">View Product</a></div><div class="product"><a href="https://www.amazon.com/dp/B08QTW4GJT?tag=eloabder-20&linkCode=osi&th=1&psc=1"><img src="https://m.media-amazon.com/images/I/41OVgNttdnL._SL500_.jpg" alt="Product Image"></a><p>Pendaflex Reinforced Hanging Folders, Letter Size, Assorted Colors 1/5 Cut, Tabs and Inserts, 25 Per Box (41522AMZ)</p><p> -32% 0FF </p><p>$13.99</p><a href="https://www.amazon.com/dp/B08QTW4GJT?tag=eloabder-20&linkCode=osi&th=1&psc=1">View Product</a></div><div class="product"><a href="https://www.amazon.com/dp/B07Y67ZCJS?tag=eloabder-20&linkCode=osi&th=1&psc=1"><img src="https://m.media-amazon.com/images/I/51g37Wkw2CL._SL500_.jpg" alt="Product Image"></a><p>EASEPRES 5 Pocket Mesh Hanging Wall File Organizer, Wall Mounted Mail Paper Document Folder Holder, Clipboard Storage Organization Magazine Rack with Nametag Label for Office Home School, Black</p><p> -30% 0FF </p><p>$22.99</p><a href="https://www.amazon.com/dp/B07Y67ZCJS?tag=eloabder-20&linkCode=osi&th=1&psc=1">View Product</a></div><div class="product"><a href="https://www.amazon.com/dp/B0CGWNNBCV?tag=eloabder-20&linkCode=osi&th=1&psc=1"><img src="https://m.media-amazon.com/images/I/31SGzCfPDcL._SL500_.jpg" alt="Product Image"></a><p>SUNEE 25 Count Hanging File Folders, Pastel Colors, Hanging File Folders Letter Size, Hanging Folders with 1/5-cut Tabs, Designed for Bulky Files, Filing Cabinets, Medical Charts</p><p> -15% 0FF </p><p>$16.99</p><a href="https://www.amazon.com/dp/B0CGWNNBCV?tag=eloabder-20&linkCode=osi&th=1&psc=1">View Product</a></div><div class="product"><a href="https://www.amazon.com/dp/B00006IF4G?tag=eloabder-20&linkCode=osi&th=1&psc=1"><img src="https://m.media-amazon.com/images/I/31LuYqWSObL._SL500_.jpg" alt="Product Image"></a><p>Smead Standard Hanging File Folders, 25 Count, Assorted Primaries, 1/5-Cut Adjustable Tabs, Letter Size (64059)</p><p> -7% 0FF </p><p>$13.55</p><a href="https://www.amazon.com/dp/B00006IF4G?tag=eloabder-20&linkCode=osi&th=1&psc=1">View Product</a></div>
<div class="product"><a href="https://www.amazon.com/dp/B0C77GP9XB?tag=eloabder-20&linkCode=osi&th=1&psc=1"><img src="https://m.media-amazon.com/images/I/415Jszg3LKL._SL500_.jpg" alt="Product Image"></a><p>SKYDUE Expanding File Organizer with 8 Pockets, Accordion File Folders with Labels, Portable Document Paper Bill Receipt Organizer, Home College School Office Supplies, Letter Size, Blue</p><p> -13% 0FF </p><p>$6.98</p><a href="https://www.amazon.com/dp/B0C77GP9XB?tag=eloabder-20&linkCode=osi&th=1&psc=1">View Product</a></div><div class="product"><a href="https://www.amazon.com/dp/B0013CETUQ?tag=eloabder-20&linkCode=osi&th=1&psc=1"><img src="https://m.media-amazon.com/images/I/51GxTzd4XbL._SL500_.jpg" alt="Product Image"></a><p>Pendaflex R217DHD Heavy-Duty Expanding Open Top File, 31 Pockets, 1/3 Tab, Letter, Brown</p><p> -36% 0FF </p><p>$15.90</p><a href="https://www.amazon.com/dp/B0013CETUQ?tag=eloabder-20&linkCode=osi&th=1&psc=1">View Product</a></div><div class="product"><a href="https://www.amazon.com/dp/B000UHJCZC?tag=eloabder-20&linkCode=osi&th=1&psc=1"><img src="https://m.media-amazon.com/images/I/31bbG1gUU2L._SL500_.jpg" alt="Product Image"></a><p>Pendaflex Expanding File Pockets, Letter Size, Redrope, 3.5" Expansion, Reinforced with DuPont™ Tyvek® Material, Redrope, 25 per Box (1524E-OX)</p><p> -9% 0FF </p><p>$27.37</p><a href="https://www.amazon.com/dp/B000UHJCZC?tag=eloabder-20&linkCode=osi&th=1&psc=1">View Product</a></div><div class="product"><a href="https://www.amazon.com/dp/B000FD9YHM?tag=eloabder-20&linkCode=osi&th=1&psc=1"><img src="https://m.media-amazon.com/images/I/511Yz6zbRaL._SL500_.jpg" alt="Product Image"></a><p>Pendaflex Heavy Duty Expanding File with Extra-Thick Cover, Tyvek Reinforced Edges, 21 Pockets, A–Z Tabs, Elastic Cord Closure, Letter Size (R117ALHD),Brown</p><p> -14% 0FF </p><p>$14.99</p><a href="https://www.amazon.com/dp/B000FD9YHM?tag=eloabder-20&linkCode=osi&th=1&psc=1">View Product</a></div>
<div class="product"><a href="https://www.amazon.com/dp/B07GKPZDG4?tag=eloabder-20&linkCode=osi&th=1&psc=1"><img src="https://m.media-amazon.com/images/I/51sUuF8kU-L._SL500_.jpg" alt="Product Image"></a><p>Cardinal Economy 3 Ring Binder, 1.5 Inch, Presentation View, Black, Holds 350 Sheets, Nonstick, PVC Free, 4 Pack of Binders (79519)</p><p> -42% 0FF </p><p>$9.19</p><a href="https://www.amazon.com/dp/B07GKPZDG4?tag=eloabder-20&linkCode=osi&th=1&psc=1">View Product</a></div><div class="product"><a href="https://www.amazon.com/dp/B0BF57LL4V?tag=eloabder-20&linkCode=osi&th=1&psc=1"><img src="https://m.media-amazon.com/images/I/317fBolZ+4L._SL500_.jpg" alt="Product Image"></a><p>1-inch 3 Ring Binder with 2 Interior Pockets, 1'' Basic Binders Holds US Letter Size 8.5'' x 11'' Paper - Versatile Binders for Office, Home, and School Use, 6 Pack (White)</p><p> -15% 0FF </p><p>$24.64</p><a href="https://www.amazon.com/dp/B0BF57LL4V?tag=eloabder-20&linkCode=osi&th=1&psc=1">View Product</a></div><div class="product"><a href="https://www.amazon.com/dp/B0BXKQ7YTW?tag=eloabder-20&linkCode=osi&th=1&psc=1"><img src="https://m.media-amazon.com/images/I/416TyBdEZYL._SL500_.jpg" alt="Product Image"></a><p>SUNEE 3 Ring Binder 1 Inch 4 Pack, Clear View 1" Binders Three Ring PVC-Free (Fit 8.5x11 Inches) for School or Office Supplies, Assorted Pastel</p><p> -17% 0FF </p><p>$14.85</p><a href="https://www.amazon.com/dp/B0BXKQ7YTW?tag=eloabder-20&linkCode=osi&th=1&psc=1">View Product</a></div><div class="product"><a href="https://www.amazon.com/dp/B0D2ZF8FHZ?tag=eloabder-20&linkCode=osi&th=1&psc=1"><img src="https://m.media-amazon.com/images/I/31smaJgK7vL._SL500_.jpg" alt="Product Image"></a><p>BinderX Extra Durable 3 Ring Binder, Round Rings 1 Inch Binder, Fits 175 Sheets of 8.5x11 Paper, Customizable View Cover with Inside Pockets, Cute 1" Binders, 1 Inch Binders 3 Ring, Pink</p><p> -36% 0FF </p><p>$8.99</p><a href="https://www.amazon.com/dp/B0D2ZF8FHZ?tag=eloabder-20&linkCode=osi&th=1&psc=1">View Product</a></div><div class="product"><a href="https://www.amazon.com/dp/B001B0GJDU?tag=eloabder-20&linkCode=osi&th=1&psc=1"><img src="https://m.media-amazon.com/images/I/41vpkaYBqsL._SL500_.jpg" alt="Product Image"></a><p>Avery Heavy-Duty View 3 Ring Binder, 1" One Touch Slant Rings, Holds 8.5" x 11" Paper, 1 Black Binder (05300)</p><p> -46% 0FF </p><p>$5.89</p><a href="https://www.amazon.com/dp/B001B0GJDU?tag=eloabder-20&linkCode=osi&th=1&psc=1">View Product</a></div>
<div class="product"><a href="https://www.amazon.com/dp/B092CM3KVX?tag=eloabder-20&linkCode=osi&th=1&psc=1"><img src="https://m.media-amazon.com/images/I/51kltWaLgmL._SL500_.jpg" alt="Product Image"></a><p>Avery Write & Erase Dividers for 3 Ring Binders, 8 Tabs per Set, Multicolor Big Tabs, Pastels, Binder Dividers Great for Organizing Reports, Projects, and More (16271)</p><p> -31% 0FF </p><p>$3.90</p><a href="https://www.amazon.com/dp/B092CM3KVX?tag=eloabder-20&linkCode=osi&th=1&psc=1">View Product</a></div><div class="product"><a href="https://www.amazon.com/dp/B08WBYPVGJ?tag=eloabder-20&linkCode=osi&th=1&psc=1"><img src="https://m.media-amazon.com/images/I/31NPQ52TfAL._SL500_.jpg" alt="Product Image"></a><p>Oxford Blank Write On Binder Dividers, 1/5 Cut Tabs, 3 Hole Punch Dividers in 5 Tab Sets, 100 Dividers, 20 Sets, White (89981)</p><p> -5% 0FF </p><p>$15.19</p><a href="https://www.amazon.com/dp/B08WBYPVGJ?tag=eloabder-20&linkCode=osi&th=1&psc=1">View Product</a></div><div class="product"><a href="https://www.amazon.com/dp/B0CZL39ZHS?tag=eloabder-20&linkCode=osi&th=1&psc=1"><img src="https://m.media-amazon.com/images/I/41APO6LBeCL._SL500_.jpg" alt="Product Image"></a><p>Forvencer 8 Count Dividers with Two Pockets, 8 tabs Binder Dividers for 3 Ring Binder Organizer, Multicolor, 1 Set</p><p> -25% 0FF </p><p>$5.99</p><a href="https://www.amazon.com/dp/B0CZL39ZHS?tag=eloabder-20&linkCode=osi&th=1&psc=1">View Product</a></div><div class="product"><a href="https://www.amazon.com/dp/B01FKMCNL6?tag=eloabder-20&linkCode=osi&th=1&psc=1"><img src="https://m.media-amazon.com/images/I/510vgT9G85L._SL500_.jpg" alt="Product Image"></a><p>Avery Binder Dividers - 5-Tab Insertable Multicolor Big Tabs for Binders, 6 Sets of Dividers (11109)</p><p> -11% 0FF </p><p>$5.78</p><a href="https://www.amazon.com/dp/B01FKMCNL6?tag=eloabder-20&linkCode=osi&th=1&psc=1">View Product</a></div><div class="product"><a href="https://www.amazon.com/dp/B0CQ4YNHX8?tag=eloabder-20&linkCode=osi&th=1&psc=1"><img src="https://m.media-amazon.com/images/I/315hb+NtGGL._SL500_.jpg" alt="Product Image"></a><p>Binder Dividers for 3 Ring Binder, 1/5 Cut Tabs, Letter Size, Blank Write On Page Dividers with 5 Big Tabs for School Office Home, 4 Sets, 20 Dividers, White</p><p> -14% 0FF </p><p>$5.98</p><a href="https://www.amazon.com/dp/B0CQ4YNHX8?tag=eloabder-20&linkCode=osi&th=1&psc=1">View Product</a></div><div class="product"><a href="https://www.amazon.com/dp/B01HC4KIVW?tag=eloabder-20&linkCode=osi&th=1&psc=1"><img src="https://m.media-amazon.com/images/I/412g1OcKv-L._SL500_.jpg" alt="Product Image"></a><p>Avery Big Tab Write & Erase Durable Plastic Dividers for 3 Ring Binders, 8-Tab Set, Bright Multicolor, 1 Set (16130)</p><p> -23% 0FF </p><p>$4.33</p><a href="https://www.amazon.com/dp/B01HC4KIVW?tag=eloabder-20&linkCode=osi&th=1&psc=1">View Product</a></div><div class="product"><a href="https://www.amazon.com/dp/B0000AQOB0?tag=eloabder-20&linkCode=osi&th=1&psc=1"><img src="https://m.media-amazon.com/images/I/51ek4ZNke4L._SL500_.jpg" alt="Product Image"></a><p>Avery 12 Tab Dividers for 3 Ring Binders, Customizable Table of Contents, Multicolor Tabs, 6 Sets (11196)</p><p> -36% 0FF </p><p>$17.99</p><a href="https://www.amazon.com/dp/B0000AQOB0?tag=eloabder-20&linkCode=osi&th=1&psc=1">View Product</a></div>
<div class="product"><a href="https://www.amazon.com/dp/B07R795LTM?tag=eloabder-20&linkCode=osi&th=1&psc=1"><img src="https://m.media-amazon.com/images/I/31OAmU6E5kL._SL500_.jpg" alt="Product Image"></a><p>Amazon Basics Polypropylene (PP) Sheet Protector, Non-Glare, 200 Pack, Clear</p><p> -13% 0FF </p><p>$10.40</p><a href="https://www.amazon.com/dp/B07R795LTM?tag=eloabder-20&linkCode=osi&th=1&psc=1">View Product</a></div><div class="product"><a href="https://www.amazon.com/dp/B0D62ZBV24?tag=eloabder-20&linkCode=osi&th=1&psc=1"><img src="https://m.media-amazon.com/images/I/41n9XbYoyhL._SL500_.jpg" alt="Product Image"></a><p>Aegero 65 Pack Clear Sheet Protectors, 8.5 x 11 inch Page Protectors for 3 Ring Binder,Top Loading Paper Protector for Documents and Photos,Letter Size</p><p> -20% 0FF </p><p>$3.99</p><a href="https://www.amazon.com/dp/B0D62ZBV24?tag=eloabder-20&linkCode=osi&th=1&psc=1">View Product</a></div><div class="product"><a href="https://www.amazon.com/dp/B08CMG5MCB?tag=eloabder-20&linkCode=osi&th=1&psc=1"><img src="https://m.media-amazon.com/images/I/410BZVBSLLL._SL500_.jpg" alt="Product Image"></a><p>Sheet Protectors, PANDRI 500 Pack Clear Heavy Duty Plastic Page Protectors Sheet Reinforced 11-Hole Fit for 3 Ring Binder Fits Standard 8.5 x 11 Paper, 9.25 x 11.25 Top Loaded, Excluding Acid</p><p> -15% 0FF </p><p>$22.94</p><a href="https://www.amazon.com/dp/B08CMG5MCB?tag=eloabder-20&linkCode=osi&th=1&psc=1">View Product</a></div><div class="product"><a href="https://www.amazon.com/dp/B0DZ6J73VW?tag=eloabder-20&linkCode=osi&th=1&psc=1"><img src="https://m.media-amazon.com/images/I/41NNzcs8bsL._SL500_.jpg" alt="Product Image"></a><p>TUOKCALB 50 Pack Clear Sheet Protectors for 3 Ring Binder, Polypropylene Acid-Free Material, 8.5 x 11 Inch Letter Size, Protector of Your Documents</p><p> -18% 0FF </p><p>$3.29</p><a href="https://www.amazon.com/dp/B0DZ6J73VW?tag=eloabder-20&linkCode=osi&th=1&psc=1">View Product</a></div><div class="product"><a href="https://www.amazon.com/dp/B0D294F9GZ?tag=eloabder-20&linkCode=osi&th=1&psc=1"><img src="https://m.media-amazon.com/images/I/41szN7I4ozL._SL500_.jpg" alt="Product Image"></a><p>Sheet Protectors 8.5 x11 Inch, 100 Pack Page Protectors for 3 Ring Binder, Top Loading Plastic Sleeves with Reinforced 3-Hole Punch for Binders, Letter Size, for Documents and Photos, Office Supplies.</p><p> -23% 0FF </p><p>$9.99</p><a href="https://www.amazon.com/dp/B0D294F9GZ?tag=eloabder-20&linkCode=osi&th=1&psc=1">View Product</a></div><div class="product"><a href="https://www.amazon.com/dp/B0D59XF4D3?tag=eloabder-20&linkCode=osi&th=1&psc=1"><img src="https://m.media-amazon.com/images/I/41EpBhN87iL._SL500_.jpg" alt="Product Image"></a><p>DOSEWART 70Pack Sheet Protectors, Clear Heavy Duty Plastic Page Protectors for 3 Ring Binder, Top Loading Sheet Protectors 8.5 x 11” for Photo, Paper, Document Protector</p><p> -43% 0FF </p><p>$3.99</p><a href="https://www.amazon.com/dp/B0D59XF4D3?tag=eloabder-20&linkCode=osi&th=1&psc=1">View Product</a></div>
<div class="product"><a href="https://www.amazon.com/dp/B000T9MP5U?tag=eloabder-20&linkCode=osi&th=1&psc=1"><img src="https://m.media-amazon.com/images/I/41zOycTbMML._SL500_.jpg" alt="Product Image"></a><p>Mead #10 Security Business Envelopes Letter Size 4-1/8" x 9-1/2" – Peel and Seal, Privacy Lined, No-Window, Press-It Seal-It Self-Adhesive for Home & Office Mailing, 45 Count (75026)</p><p> -13% 0FF </p><p>$3.57</p><a href="https://www.amazon.com/dp/B000T9MP5U?tag=eloabder-20&linkCode=osi&th=1&psc=1">View Product</a></div><div class="product"><a href="https://www.amazon.com/dp/B06VVLD2GL?tag=eloabder-20&linkCode=osi&th=1&psc=1"><img src="https://m.media-amazon.com/images/I/11zBoWnx9uL._SL500_.jpg" alt="Product Image"></a><p>Amazon Basics 10 Security-Tinted Self-Seal Business Letter Envelopes, Peel & Seal Adhesive Closure, White, 500-Pack</p><p> -5% 0FF </p><p>$18.04</p><a href="https://www.amazon.com/dp/B06VVLD2GL?tag=eloabder-20&linkCode=osi&th=1&psc=1">View Product</a></div><div class="product"><a href="https://www.amazon.com/dp/B07FMDV5LR?tag=eloabder-20&linkCode=osi&th=1&psc=1"><img src="https://m.media-amazon.com/images/I/41jTu3FDgaL._SL500_.jpg" alt="Product Image"></a><p>Quality Park #6 3/4 Self-Seal Security Envelopes, Security Tint and Pattern, Redi-Strip Closure, 24-lb White Wove, 3-5/8 x 6-1/2, 100/Box (QUA10417)</p><p> -23% 0FF </p><p>$4.99</p><a href="https://www.amazon.com/dp/B07FMDV5LR?tag=eloabder-20&linkCode=osi&th=1&psc=1">View Product</a></div>
<div class="product"><a href="https://www.amazon.com/dp/B00004Z5SM?tag=eloabder-20&linkCode=osi&th=1&psc=1"><img src="https://m.media-amazon.com/images/I/41LHX+FB2PL._SL500_.jpg" alt="Product Image"></a><p>Avery Easy Peel Printable Address Labels with Sure Feed, 1" x 2-5/8" Customizable Stickers, White, 750 Blank Mailing Labels, Great for Mailing, Shipping, and More (8160)</p><p> -48% 0FF </p><p>$8.99</p><a href="https://www.amazon.com/dp/B00004Z5SM?tag=eloabder-20&linkCode=osi&th=1&psc=1">View Product</a></div><div class="product"><a href="https://www.amazon.com/dp/B089LHX8Q6?tag=eloabder-20&linkCode=osi&th=1&psc=1"><img src="https://m.media-amazon.com/images/I/41+HcHENwbL._SL500_.jpg" alt="Product Image"></a><p>KKBESTPACK Half Sheet Shipping Labels for Laser and Inkjet Printers – 2 Per Page Self Adhesive Mailing Labels – White 8.5 x 5.5 (200 Labels) (2LP)</p><p> -10% 0FF </p><p>$9.86</p><a href="https://www.amazon.com/dp/B089LHX8Q6?tag=eloabder-20&linkCode=osi&th=1&psc=1">View Product</a></div><div class="product"><a href="https://www.amazon.com/dp/B001SN8ITI?tag=eloabder-20&linkCode=osi&th=1&psc=1"><img src="https://m.media-amazon.com/images/I/51vJip236KL._SL500_.jpg" alt="Product Image"></a><p>Avery Easy Peel Printable Address Labels with Sure Feed, 1" x 2-5/8" Customizable Stickers, White, 300 Blank Mailing Labels, Great for Mailing, Shipping, and More (18160)</p><p> -38% 0FF </p><p>$5.54</p><a href="https://www.amazon.com/dp/B001SN8ITI?tag=eloabder-20&linkCode=osi&th=1&psc=1">View Product</a></div><div class="product"><a href="https://www.amazon.com/dp/B0C2P8YTW2?tag=eloabder-20&linkCode=osi&th=1&psc=1"><img src="https://m.media-amazon.com/images/I/51EeHFqmTKL._SL500_.jpg" alt="Product Image"></a><p>FungLam 1" x 2-5/8" Shipping Address Labels 900 Label Stickers Paper for Laser/Inkjet Printer 30 per Page Printable Mailing Labels (30 Sheets, 900 Labels)</p><p> -25% 0FF </p><p>$5.99</p><a href="https://www.amazon.com/dp/B0C2P8YTW2?tag=eloabder-20&linkCode=osi&th=1&psc=1">View Product</a></div>
<div class="product"><a href="https://www.amazon.com/dp/B07X41JJXB?tag=eloabder-20&linkCode=osi&th=1&psc=1"><img src="https://m.media-amazon.com/images/I/31V4rpfdGtL._SL500_.jpg" alt="Product Image"></a><p>KKBESTPACK 100 Large Poly Mailers 10x13 Shipping Bags for Small Business – Self Sealing Package Envelopes (10 x 13 Pack of 100, Black)</p><p> -10% 0FF </p><p>$8.94 ($0.09 / Count)</p><a href="https://www.amazon.com/dp/B07X41JJXB?tag=eloabder-20&linkCode=osi&th=1&psc=1">View Product</a></div><div class="product"><a href="https://www.amazon.com/dp/B08C9T3997?tag=eloabder-20&linkCode=osi&th=1&psc=1"><img src="https://m.media-amazon.com/images/I/41CMEDIsQEL._SL500_.jpg" alt="Product Image"></a><p>Anylabel 2" x 3" Fragile Stickers for Shipping and Moving Please Handle with Care Fragile Thank You Do Not Drop, Warning Stickers Fragile Labels, Permanent Adhesive(500 Labels, 1 Roll)</p><p> -33% 0FF </p><p>$5.99</p><a href="https://www.amazon.com/dp/B08C9T3997?tag=eloabder-20&linkCode=osi&th=1&psc=1">View Product</a></div>

<div class="product"><a href="https://www.amazon.com/dp/B07S1JPBL3?tag=eloabder-20&linkCode=osi&th=1&psc=1"><img src="https://m.media-amazon.com/images/I/31f-QQIYroL._SL500_.jpg" alt="Product Image"></a><p>Amazon Basics Bubble Cushioning Wrap Packing Material for Fragile Items, Perforated, 12 inch x 175 ft Long Roll, Small 3/16", Clear</p><p> -6% 0FF </p><p>$21.99</p><a href="https://www.amazon.com/dp/B07S1JPBL3?tag=eloabder-20&linkCode=osi&th=1&psc=1">View Product</a></div><div class="product"><a href="https://www.amazon.com/dp/B0829D1D7V?tag=eloabder-20&linkCode=osi&th=1&psc=1"><img src="https://m.media-amazon.com/images/I/41azI2zaEYL._SL500_.jpg" alt="Product Image"></a><p>Bubble Cushioning Wrap Rolls, 3/16" x 12" x 72' ft Total [2 Rolls of 36 Feet] Perforated Every 12", 20 Fragile Stickers for Packaging, Shipping, Mailing</p><p> -14% 0FF </p><p>$18.99 ($9.50 / Count)</p><a href="https://www.amazon.com/dp/B0829D1D7V?tag=eloabder-20&linkCode=osi&th=1&psc=1">View Product</a></div><div class="product"><a href="https://www.amazon.com/dp/B011TB3UF0?tag=eloabder-20&linkCode=osi&th=1&psc=1"><img src="https://m.media-amazon.com/images/I/413RZYGr8kL._SL500_.jpg" alt="Product Image"></a><p>Duck Brand Bubble Wrap Original Protective Packaging, 12 Inches Wide x 30-Feet Long, Single Roll (393251), Clear</p><p> -26% 0FF </p><p>$8.85 ($0.30 / Sq Ft)</p><a href="https://www.amazon.com/dp/B011TB3UF0?tag=eloabder-20&linkCode=osi&th=1&psc=1">View Product</a></div>

<div class="product"><a href="https://www.amazon.com/dp/B0033J6V3A?tag=eloabder-20&linkCode=osi&th=1&psc=1"><img src="https://m.media-amazon.com/images/I/21o5ASbichL._SL500_.jpg" alt="Product Image"></a><p>NuSparc 2 Drawer Locking Filing Cabinet | Pre-Assembled Steel Construction | Space-Saving Design is Perfect for Home and Small Office | Letter-Size | Assembled in North America</p><p> -14% 0FF </p><p>$76.99</p><a href="https://www.amazon.com/dp/B0033J6V3A?tag=eloabder-20&linkCode=osi&th=1&psc=1">View Product</a></div><div class="product"><a href="https://www.amazon.com/dp/B0D9XYD75W?tag=eloabder-20&linkCode=osi&th=1&psc=1"><img src="https://m.media-amazon.com/images/I/31VM3xK++PL._SL500_.jpg" alt="Product Image"></a><p>BYNSOE 2 Drawer File Cabinet with Lock Vertical Filing Storage Cabinet Office Home Steel Vertical File Cabinets for Letter Size File Cabinet Locked,Assembly Required</p><p> -8% 0FF </p><p>$54.99</p><a href="https://www.amazon.com/dp/B0D9XYD75W?tag=eloabder-20&linkCode=osi&th=1&psc=1">View Product</a></div><div class="product"><a href="https://www.amazon.com/dp/B0989HLF81?tag=eloabder-20&linkCode=osi&th=1&psc=1"><img src="https://m.media-amazon.com/images/I/51vzgnkbcjL._SL500_.jpg" alt="Product Image"></a><p>DEVAISE 3 Drawer Mobile File Cabinet, Wood Lateral Filing Cabinet, Printer Stand with Open Shelves for Home Office, Rustic Brown</p><p> -21% 0FF </p><p>$74.99</p><a href="https://www.amazon.com/dp/B0989HLF81?tag=eloabder-20&linkCode=osi&th=1&psc=1">View Product</a></div>
<div class="product"><a href="https://www.amazon.com/dp/B00006RSQD?tag=eloabder-20&linkCode=osi&th=1&psc=1"><img src="https://m.media-amazon.com/images/I/315rez3KpeL._SL500_.jpg" alt="Product Image"></a><p>Bush Business Furniture Series C 36W Tall 5 Shelf Bookcase in Hansen Cherry, Large Storage and Display Bookshelf for Home or Professional Office</p><p> -8% 0FF </p><p>$239.49</p><a href="https://www.amazon.com/dp/B00006RSQD?tag=eloabder-20&linkCode=osi&th=1&psc=1">View Product</a></div>
<div class="product"><a href="https://www.amazon.com/dp/B09F6JPYSY?tag=eloabder-20&linkCode=osi&th=1&psc=1"><img src="https://m.media-amazon.com/images/I/51fGLH7lhHL._SL500_.jpg" alt="Product Image"></a><p>SPACELEAD Slim Storage Cart 3 Tier,Bathroom Organizer Rolling Utility,Mobile Shelving Unit Slide Out for Office, Kitchen, Laundry Room & Narrow Places,Black</p><p> -30% 0FF </p><p>$20.99</p><a href="https://www.amazon.com/dp/B09F6JPYSY?tag=eloabder-20&linkCode=osi&th=1&psc=1">View Product</a></div><div class="product"><a href="https://www.amazon.com/dp/B08KFTVGQY?tag=eloabder-20&linkCode=osi&th=1&psc=1"><img src="https://m.media-amazon.com/images/I/51BjUEmGaiL._SL500_.jpg" alt="Product Image"></a><p>SONGMICS Cube Storage Organizer, Set of 16 Plastic Cubes, Closet Organizers and Storage, Room Organization, Bedroom Living Room, 12.2 x 48.4 x 48.4 Inches, Rustic Brown ULPC442A01</p><p> -15% 0FF </p><p>$46.99</p><a href="https://www.amazon.com/dp/B08KFTVGQY?tag=eloabder-20&linkCode=osi&th=1&psc=1">View Product</a></div><div class="product"><a href="https://www.amazon.com/dp/B0DG359YX5?tag=eloabder-20&linkCode=osi&th=1&psc=1"><img src="https://m.media-amazon.com/images/I/41OBXL4HJdL._SL500_.jpg" alt="Product Image"></a><p>VIVO Clamp-on 13 inch Above or Below Desk 2-Tier Shelving Unit for Table Accessories, Gaming Devices, and More, Storage Tray, Desktop Organizer, Rustic Vintage Brown, STAND-SHELF2C-N</p><p> -20% 0FF </p><p>$39.99</p><a href="https://www.amazon.com/dp/B0DG359YX5?tag=eloabder-20&linkCode=osi&th=1&psc=1">View Product</a></div><div class="product"><a href="https://www.amazon.com/dp/B0D7S5GGP6?tag=eloabder-20&linkCode=osi&th=1&psc=1"><img src="https://m.media-amazon.com/images/I/51EriWG2BLL._SL500_.jpg" alt="Product Image"></a><p>C&AHOME Wire Cube Storage, 9 - Cube Organizer Metal C Grids, Modular Shelves Units, Closet Organizer, Ideal for Home, Office, Living Room, 36.6”L x 12.4”W x 48.4”H, Silver Gray UWCS3009G</p><p> -33% 0FF </p><p>$28.87</p><a href="https://www.amazon.com/dp/B0D7S5GGP6?tag=eloabder-20&linkCode=osi&th=1&psc=1">View Product</a></div>
<div class="product"><a href="https://www.amazon.com/dp/B0B1M6ML2J?tag=eloabder-20&linkCode=osi&th=1&psc=1"><img src="https://m.media-amazon.com/images/I/51pX2Qo38JL._SL500_.jpg" alt="Product Image"></a><p>WOWBOX 25 PCS Clear Plastic Drawer Organizer Set, 4 Sizes Desk Drawer Divider Organizers and Storage Bins for Makeup, Jewelry, Gadgets for Kitchen, Bedroom, Bathroom, Office</p><p> -35% 0FF </p><p>$16.13 ($0.65 / Count)</p><a href="https://www.amazon.com/dp/B0B1M6ML2J?tag=eloabder-20&linkCode=osi&th=1&psc=1">View Product</a></div><div class="product"><a href="https://www.amazon.com/dp/B0DB8F7GDN?tag=eloabder-20&linkCode=osi&th=1&psc=1"><img src="https://m.media-amazon.com/images/I/51iOtKHzvCL._SL500_.jpg" alt="Product Image"></a><p>OPNICE Desk Organizer and Accessories, 2-Tier Computer Monitor Stand Riser with Drawer and 2 Pen Holders, Laptop Stand, Office Desk Accessories for Office Supplies, Black</p><p> -27% 0FF </p><p>$21.99</p><a href="https://www.amazon.com/dp/B0DB8F7GDN?tag=eloabder-20&linkCode=osi&th=1&psc=1">View Product</a></div><div class="product"><a href="https://www.amazon.com/dp/B0FQ86P4M3?tag=eloabder-20&linkCode=osi&th=1&psc=1"><img src="https://m.media-amazon.com/images/I/41ZDdyGnPxL._SL500_.jpg" alt="Product Image"></a><p>Mind Reader 2-Tier Desk Organizer with Clamp, Accessory Shelf for Office or Gaming, Office, Metal, White</p><p> -5% 0FF </p><p>$37.99</p><a href="https://www.amazon.com/dp/B0FQ86P4M3?tag=eloabder-20&linkCode=osi&th=1&psc=1">View Product</a></div><div class="product"><a href="https://www.amazon.com/dp/B0BYDGF8DT?tag=eloabder-20&linkCode=osi&th=1&psc=1"><img src="https://m.media-amazon.com/images/I/51sE2GzgVNL._SL500_.jpg" alt="Product Image"></a><p>OPNICE Desk Organizer and Accessories, 4-Tier Desktop File Organizer with Drawer and 2 Pen Holders, Office Desk Accessories, Workspace Organizers for Office Supplies(Black)</p><p> -33% 0FF </p><p>$19.99</p><a href="https://www.amazon.com/dp/B0BYDGF8DT?tag=eloabder-20&linkCode=osi&th=1&psc=1">View Product</a></div><div class="product"><a href="https://www.amazon.com/dp/B0DJKSMV2T?tag=eloabder-20&linkCode=osi&th=1&psc=1"><img src="https://m.media-amazon.com/images/I/41gO3CCIg1L._SL500_.jpg" alt="Product Image"></a><p>gianotter Dual Monitor Stand Riser, Desk Organizer With Drawer and 2 Pen Holders, Computer Monitor Stand, Shelf for Top of Desk, Black</p><p> -28% 0FF </p><p>$25.99</p><a href="https://www.amazon.com/dp/B0DJKSMV2T?tag=eloabder-20&linkCode=osi&th=1&psc=1">View Product</a></div><div class="product"><a href="https://www.amazon.com/dp/B0BWTT3WK1?tag=eloabder-20&linkCode=osi&th=1&psc=1"><img src="https://m.media-amazon.com/images/I/51JTe2SjicL._SL500_.jpg" alt="Product Image"></a><p>gianotter Desk Organizers and Accessories with File Holder, 4-Tier Desk Accessories & Workspace Organizers with Drawer and 2 Pen Holder, Paper Organizer for Office Supplies (Rose Gold)</p><p> -27% 0FF </p><p>$23.99</p><a href="https://www.amazon.com/dp/B0BWTT3WK1?tag=eloabder-20&linkCode=osi&th=1&psc=1">View Product</a></div><div class="product"><a href="https://www.amazon.com/dp/B09QKDY1YY?tag=eloabder-20&linkCode=osi&th=1&psc=1"><img src="https://m.media-amazon.com/images/I/519UVM73B6L._SL500_.jpg" alt="Product Image"></a><p>Supeasy 5 Trays Paper Organizer Letter Tray with Handle-Mesh Desk File Organizer, Paper Sorter Desk Organizer for Office, Home or School</p><p> -17% 0FF </p><p>$19.99</p><a href="https://www.amazon.com/dp/B09QKDY1YY?tag=eloabder-20&linkCode=osi&th=1&psc=1">View Product</a></div><div class="product"><a href="https://www.amazon.com/dp/B08PBFKGJG?tag=eloabder-20&linkCode=osi&th=1&psc=1"><img src="https://m.media-amazon.com/images/I/61WfW0WLsqL._SL500_.jpg" alt="Product Image"></a><p>Marbrasse 6 Tier Paper Organizer Letter Tray - Mesh Desk File Organizer with Handle, Paper Sorter Organizer for Letter/A4 Office File Folder Holder - Black</p><p> -23% 0FF </p><p>$19.98</p><a href="https://www.amazon.com/dp/B08PBFKGJG?tag=eloabder-20&linkCode=osi&th=1&psc=1">View Product</a></div><div class="product"><a href="https://www.amazon.com/dp/B09K5927B5?tag=eloabder-20&linkCode=osi&th=1&psc=1"><img src="https://m.media-amazon.com/images/I/51u5tZ4jR6L._SL500_.jpg" alt="Product Image"></a><p>Marbrasse Desk Organizer with File Holder, 5-Tier Paper Letter Tray Organizer with Drawer and 2 Pen Holder, Mesh Desktop Organizer and Storage with Magazine Holder for Office Supplies(Black)</p><p> -24% 0FF </p><p>$33.99</p><a href="https://www.amazon.com/dp/B09K5927B5?tag=eloabder-20&linkCode=osi&th=1&psc=1">View Product</a></div>
<div class="product"><a href="https://www.amazon.com/dp/B0CNXF7SVS?tag=eloabder-20&linkCode=osi&th=1&psc=1"><img src="https://m.media-amazon.com/images/I/51a6EswyTZL._SL500_.jpg" alt="Product Image"></a><p>Manalete Drawer Organizers Set of 15, 4 Sizes Clear Plastic Drawer Organizers and Storage Bins for Kitchen, Bathroom, Office, Dresser Desk Drawer Organizer Tray for Jewelry, Makeup, Junk, Gadgets</p><p> -29% 0FF </p><p>$9.99</p><a href="https://www.amazon.com/dp/B0CNXF7SVS?tag=eloabder-20&linkCode=osi&th=1&psc=1">View Product</a></div><div class="product"><a href="https://www.amazon.com/dp/B0CCY5X6SS?tag=eloabder-20&linkCode=osi&th=1&psc=1"><img src="https://m.media-amazon.com/images/I/41Iye-vPXJL._SL500_.jpg" alt="Product Image"></a><p>Bamboo Drawer Organizer Set, 5 PCS Multi-Use Individual Wood Storage Organizers, Junk Drawer Divider and Storage Trays Containers for Kitchen, Bathroom, Office Desk, Makeup, Jewelry, Utensils</p><p> -20% 0FF </p><p>$19.99 ($4.00 / Count)</p><a href="https://www.amazon.com/dp/B0CCY5X6SS?tag=eloabder-20&linkCode=osi&th=1&psc=1">View Product</a></div><div class="product"><a href="https://www.amazon.com/dp/B0CCDJQ7MM?tag=eloabder-20&linkCode=osi&th=1&psc=1"><img src="https://m.media-amazon.com/images/I/51kU0WJxdsL._SL500_.jpg" alt="Product Image"></a><p>Marbrasse Expandable Desk Drawer Organizer, Mesh Drawer Organizer Tray with 10 Adjustable Compartments, Desk Organizers and Accessories, 5 Dividers Drawer for Office Supplies, Makeup & Vanity (Black)</p><p> -15% 0FF </p><p>$17.84</p><a href="https://www.amazon.com/dp/B0CCDJQ7MM?tag=eloabder-20&linkCode=osi&th=1&psc=1">View Product</a></div><div class="product"><a href="https://www.amazon.com/dp/B0DM27MBZN?tag=eloabder-20&linkCode=osi&th=1&psc=1"><img src="https://m.media-amazon.com/images/I/41hAfSMnrZL._SL500_.jpg" alt="Product Image"></a><p>ElegantArray 12 PCS Drawer Organizer Set, 4 Sizes Storage Drawer Units, Clear Plastic Makeup Vanity Organizer and Storage Bins for Makeup, Stationeries, Multiple Gadgets for Bathroom, Office, Bedroom</p><p> -31% 0FF </p><p>$8.99</p><a href="https://www.amazon.com/dp/B0DM27MBZN?tag=eloabder-20&linkCode=osi&th=1&psc=1">View Product</a></div>
<div class="product"><a href="https://www.amazon.com/dp/B0C4T42TPC?tag=eloabder-20&linkCode=osi&th=1&psc=1"><img src="https://m.media-amazon.com/images/I/318IsyAsPXL._SL500_.jpg" alt="Product Image"></a><p>Adjustable Mobile CPU Stand, Ventilated Computer Tower Stand with 4 Caster Wheels Fits Most PC Tower, Under Desk CPU Holder PC Floor Cart Computer Riser for Gamers and Students (Black)</p><p> -21% 0FF </p><p>$14.21</p><a href="https://www.amazon.com/dp/B0C4T42TPC?tag=eloabder-20&linkCode=osi&th=1&psc=1">View Product</a></div><div class="product"><a href="https://www.amazon.com/dp/B094QTGHNZ?tag=eloabder-20&linkCode=osi&th=1&psc=1"><img src="https://m.media-amazon.com/images/I/31VzBQ+jwWL._SL500_.jpg" alt="Product Image"></a><p>WALI Computer Monitor Stand for Desk, Adjustable Laptop Riser, Desk Monitor Stand Underneath Storage for Office, Home, School Supplies (STT003), 1 Pack, Black</p><p> -32% 0FF </p><p>$16.99</p><a href="https://www.amazon.com/dp/B094QTGHNZ?tag=eloabder-20&linkCode=osi&th=1&psc=1">View Product</a></div><div class="product"><a href="https://www.amazon.com/dp/B07H4DMLVH?tag=eloabder-20&linkCode=osi&th=1&psc=1"><img src="https://m.media-amazon.com/images/I/31eTfKhpSWL._SL500_.jpg" alt="Product Image"></a><p>HUANUO Monitor Stand, Monitor Stand Riser 3 Height Adjustable, Monitor Riser with Airflow Vents, Laptop Stand for Desk, Laptop Riser, Desk Organizer for Monitor, 15.6" Laptop, PC, Printer</p><p> -11% 0FF </p><p>$15.19</p><a href="https://www.amazon.com/dp/B07H4DMLVH?tag=eloabder-20&linkCode=osi&th=1&psc=1">View Product</a></div><div class="product"><a href="https://www.amazon.com/dp/B0D69W6H91?tag=eloabder-20&linkCode=osi&th=1&psc=1"><img src="https://m.media-amazon.com/images/I/51rQI+gi3lL._SL500_.jpg" alt="Product Image"></a><p>JANE EYRE Computer Tower Stand - Adjustable PC Tower Stand CPU Holder Cart with Charging Station for Office Home Classroom,23.03"-28.3" H, black</p><p> -10% 0FF </p><p>$53.99</p><a href="https://www.amazon.com/dp/B0D69W6H91?tag=eloabder-20&linkCode=osi&th=1&psc=1">View Product</a></div><div class="product"><a href="https://www.amazon.com/dp/B0C4T34L9Y?tag=eloabder-20&linkCode=osi&th=1&psc=1"><img src="https://m.media-amazon.com/images/I/51BNMGXNOEL._SL500_.jpg" alt="Product Image"></a><p>BONTEC Wooden Monitor Stand Riser, 2-Tier Desk Shelf with Storage Organizer, Ergonomic Computer Stand with Cable Management, Cellphone Holder, White, 16.5 Inch</p><p> -33% 0FF </p><p>$18.04</p><a href="https://www.amazon.com/dp/B0C4T34L9Y?tag=eloabder-20&linkCode=osi&th=1&psc=1">View Product</a></div><div class="product"><a href="https://www.amazon.com/dp/B08BRCT4JH?tag=eloabder-20&linkCode=osi&th=1&psc=1"><img src="https://m.media-amazon.com/images/I/41Ga6A+cXbL._SL500_.jpg" alt="Product Image"></a><p>BESIGN LS03 Aluminum Laptop Stand, Ergonomic Detachable Computer Stand, Notebook Riser Compatible with Air, Pro, Dell, HP, Lenovo More 10-15.6" Laptops, Silver</p><p> -25% 0FF </p><p>$14.98</p><a href="https://www.amazon.com/dp/B08BRCT4JH?tag=eloabder-20&linkCode=osi&th=1&psc=1">View Product</a></div>
<div class="product"><a href="https://www.amazon.com/dp/B07Q79ZZJ6?tag=eloabder-20&linkCode=osi&th=1&psc=1"><img src="https://m.media-amazon.com/images/I/31-LBzENQIL._SL500_.jpg" alt="Product Image"></a><p>Single LCD Computer Monitor Free-Standing Desk Stand Mount Riser for 13 inch to 32 inch screen with Swivel, Height Adjustable, Rotation, Vesa Base Stand Holds One (1) Screen up to 77Lbs(HT05B-001))</p><p> -34% 0FF </p><p>$21.99</p><a href="https://www.amazon.com/dp/B07Q79ZZJ6?tag=eloabder-20&linkCode=osi&th=1&psc=1">View Product</a></div><div class="product"><a href="https://www.amazon.com/dp/B082845XM8?tag=eloabder-20&linkCode=osi&th=1&psc=1"><img src="https://m.media-amazon.com/images/I/41uRH1B7HgL._SL500_.jpg" alt="Product Image"></a><p>Dual Monitor Stand - Vertical Stack Screen Free-Standing Monitor Riser Fits Two 13 to 34 Inch Screen with Swivel, Tilt, Height Adjustable, Holds One (1) Screen Up to 44Lbs</p><p> -5% 0FF </p><p>$31.56</p><a href="https://www.amazon.com/dp/B082845XM8?tag=eloabder-20&linkCode=osi&th=1&psc=1">View Product</a></div><div class="product"><a href="https://www.amazon.com/dp/B00X4SCCFG?tag=eloabder-20&linkCode=osi&th=1&psc=1"><img src="https://m.media-amazon.com/images/I/21X2klzUZGL._SL500_.jpg" alt="Product Image"></a><p>Amazon Basics Height Adjustable Rectangular Computer Monitor Riser Desk Stand with Storage for Reduced Neck Strain - Fits Monitors, Laptops Up to 22lbs, Black</p><p> -35% 0FF </p><p>$14.06</p><a href="https://www.amazon.com/dp/B00X4SCCFG?tag=eloabder-20&linkCode=osi&th=1&psc=1">View Product</a></div>
<div class="product"><a href="https://www.amazon.com/dp/B07HFDJCSL?tag=eloabder-20&linkCode=osi&th=1&psc=1"><img src="https://m.media-amazon.com/images/I/41DR7qY1naL._SL500_.jpg" alt="Product Image"></a><p>VIVO Large Keyboard Tray Under Desk Pull Out with Extra Sturdy C Clamp Mount System, 27 (33 Including Clamps) x 11 Inch Slide-Out Platform Computer Drawer for Typing, Black, MOUNT-KB05E</p><p> -17% 0FF </p><p>$49.99</p><a href="https://www.amazon.com/dp/B07HFDJCSL?tag=eloabder-20&linkCode=osi&th=1&psc=1">View Product</a></div><div class="product"><a href="https://www.amazon.com/dp/B082NKBM62?tag=eloabder-20&linkCode=osi&th=1&psc=1"><img src="https://m.media-amazon.com/images/I/41qQ3p9-mrL._SL500_.jpg" alt="Product Image"></a><p>HUANUO Keyboard Tray Under Desk, 360 Adjustable Ergonomic Sliding Keyboard & Mouse Tray, Under Desk Keyboard Tray Slide Out, Keyboard Holder Under Desk for Typing in Home, Office Work, 25"W x 9.84"D</p><p> -33% 0FF </p><p>$59.98</p><a href="https://www.amazon.com/dp/B082NKBM62?tag=eloabder-20&linkCode=osi&th=1&psc=1">View Product</a></div><div class="product"><a href="https://www.amazon.com/dp/B0F23GTKHL?tag=eloabder-20&linkCode=osi&th=1&psc=1"><img src="https://m.media-amazon.com/images/I/41dmHoeznDL._SL500_.jpg" alt="Product Image"></a><p>Zontera Ergonomic Mouse & Keyboard Tray Under Desk, Pull Out with Adjustable C-clamp, 20 (25.9 Including Clamps) x 11.8 Inch Slide Out Computer Keyboard Drawer Mouse Tray for Typing, Black</p><p> -7% 0FF </p><p>$25.99</p><a href="https://www.amazon.com/dp/B0F23GTKHL?tag=eloabder-20&linkCode=osi&th=1&psc=1">View Product</a></div><div class="product"><a href="https://www.amazon.com/dp/B01IIGMBVI?tag=eloabder-20&linkCode=osi&th=1&psc=1"><img src="https://m.media-amazon.com/images/I/21Vw8003F0L._SL500_.jpg" alt="Product Image"></a><p>Alera ALE Valencia Series Underdesk Keyboard/Mouse Shelf, 28w x 12d, Black</p><p> -50% 0FF </p><p>$29.22</p><a href="https://www.amazon.com/dp/B01IIGMBVI?tag=eloabder-20&linkCode=osi&th=1&psc=1">View Product</a></div>
<div class="product"><a href="https://www.amazon.com/dp/B07C3XZMC6?tag=eloabder-20&linkCode=osi&th=1&psc=1"><img src="https://m.media-amazon.com/images/I/31Eojf7glwL._SL500_.jpg" alt="Product Image"></a><p>JIKIOU 3 Pack Mouse Pad with Stitched Edge, Comfortable Mouse Pads with Non-Slip Rubber Base, Washable Mousepads Bulk with Comfortable Cloth, Mouse Pads for Computers Laptop Mouse 10.2x8.3inch Black</p><p> -29% 0FF </p><p>$7.99</p><a href="https://www.amazon.com/dp/B07C3XZMC6?tag=eloabder-20&linkCode=osi&th=1&psc=1">View Product</a></div><div class="product"><a href="https://www.amazon.com/dp/B085XRMSTT?tag=eloabder-20&linkCode=osi&th=1&psc=1"><img src="https://m.media-amazon.com/images/I/31aDSI0sFoL._SL500_.jpg" alt="Product Image"></a><p>EooCoo Ergonomic Mouse Pad with Wrist Support, Mousepad with Memory Foam Wrist Rest and Non-Slip Base for Computer, Cafe, Home & Office, 9.64 x 8.26 in Office Desk Accessories</p><p> -36% 0FF </p><p>$6.99</p><a href="https://www.amazon.com/dp/B085XRMSTT?tag=eloabder-20&linkCode=osi&th=1&psc=1">View Product</a></div>
<div class="product"><a href="https://www.amazon.com/dp/B0BRCJL4MM?tag=eloabder-20&linkCode=osi&th=1&psc=1"><img src="https://m.media-amazon.com/images/I/41sggzaNbPL._SL500_.jpg" alt="Product Image"></a><p>Led Desk Lamp for Office Home - Eye Caring Architect lamp with Clamp,Dual Screen Computer Monitor Gooseneck Smart Light: 24W 5 Color Flexible Adjustable Lighting Table Lamp for Study Drafting</p><p> -13% 0FF </p><p>$69.99</p><a href="https://www.amazon.com/dp/B0BRCJL4MM?tag=eloabder-20&linkCode=osi&th=1&psc=1">View Product</a></div><div class="product"><a href="https://www.amazon.com/dp/B0BNHNG5CY?tag=eloabder-20&linkCode=osi&th=1&psc=1"><img src="https://m.media-amazon.com/images/I/51ccmdZe2YL._SL500_.jpg" alt="Product Image"></a><p>Micomlan Led Desk Lamp with Clamp, Architect Desk Lamp for Home Office with Atmosphere Lighting, 24W Ultra Bright Auto Dimming Computer Light Stepless Dimming and Tempering LED Table Light</p><p> -27% 0FF </p><p>$49.99</p><a href="https://www.amazon.com/dp/B0BNHNG5CY?tag=eloabder-20&linkCode=osi&th=1&psc=1">View Product</a></div><div class="product"><a href="https://www.amazon.com/dp/B078W61H9P?tag=eloabder-20&linkCode=osi&th=1&psc=1"><img src="https://m.media-amazon.com/images/I/31aebwb3nqL._SL500_.jpg" alt="Product Image"></a><p>LEPOWER Metal Desk Lamp, Eye-Caring Table Lamp, Study Lamps with Flexible Goose Neck for Bedroom, Home Office (Matte Black)</p><p> -24% 0FF </p><p>$24.99</p><a href="https://www.amazon.com/dp/B078W61H9P?tag=eloabder-20&linkCode=osi&th=1&psc=1">View Product</a></div><div class="product"><a href="https://www.amazon.com/dp/B0D1DLY4H4?tag=eloabder-20&linkCode=osi&th=1&psc=1"><img src="https://m.media-amazon.com/images/I/41sKiuSIwRL._SL500_.jpg" alt="Product Image"></a><p>SKYLEO Led Desk Lamp - Desk Light for 31.5" Tall - 5 Color Modes X 11 Brightness Levels - Adjustable Swing Arm - Timmer & Memory Function - 12W Lamp for Desk - Black</p><p> -23% 0FF </p><p>$19.99</p><a href="https://www.amazon.com/dp/B0D1DLY4H4?tag=eloabder-20&linkCode=osi&th=1&psc=1">View Product</a></div><div class="product"><a href="https://www.amazon.com/dp/B0D2LGK82V?tag=eloabder-20&linkCode=osi&th=1&psc=1"><img src="https://m.media-amazon.com/images/I/41UpQ-qygDL._SL500_.jpg" alt="Product Image"></a><p>Addtam LED Desk Lamp, Power Strip with 3 Outlets 4 USB Charging Ports(2 USBC), 4 Modes 5 Level Brightness Touch Lamp, Small Desk Lamp for Home Office College Dorm Room Essentials</p><p> -23% 0FF </p><p>$16.99</p><a href="https://www.amazon.com/dp/B0D2LGK82V?tag=eloabder-20&linkCode=osi&th=1&psc=1">View Product</a></div><div class="product"><a href="https://www.amazon.com/dp/B08LMTQ7ZF?tag=eloabder-20&linkCode=osi&th=1&psc=1"><img src="https://m.media-amazon.com/images/I/21vKPX2KHML._SL500_.jpg" alt="Product Image"></a><p>Lepro LED Desk Lamp for Home Office, 9.5W 750LM Metal Touch Control Desk Light, 5 Color Modes 5 Brightness Level, Eye Caring Task Lamp For Reading, Sewing, Crafts, School Supplies, Puzzle Light, Black</p><p> -13% 0FF </p><p>$24.99</p><a href="https://www.amazon.com/dp/B08LMTQ7ZF?tag=eloabder-20&linkCode=osi&th=1&psc=1">View Product</a></div>
<div class="product"><a href="https://www.amazon.com/dp/B0D7BXNDP4?tag=eloabder-20&linkCode=osi&th=1&psc=1"><img src="https://m.media-amazon.com/images/I/41DuEunZ1+L._SL500_.jpg" alt="Product Image"></a><p>Monitor Fan with Clamp & Light Bar Desk Lamp with fan for Office mini Desk fan small quiet with lamp for PC Laptops Tablet for Home Office Portable Working Reading Stand Lamp</p><p> -5% 0FF </p><p>$15.19</p><a href="https://www.amazon.com/dp/B0D7BXNDP4?tag=eloabder-20&linkCode=osi&th=1&psc=1">View Product</a></div><div class="product"><a href="https://www.amazon.com/dp/B07K1D41DC?tag=eloabder-20&linkCode=osi&th=1&psc=1"><img src="https://m.media-amazon.com/images/I/310MAouNV-L._SL500_.jpg" alt="Product Image"></a><p>OttLite Cool Breeze LED Lamp with Bladeless Fan - 3 Speed Options & 5 Brightness Settings with Energy Efficient Natural Daylight LEDs - Desktop, Table or Nightstand Lamp for Studying or Reading</p><p> -14% 0FF </p><p>$89.98</p><a href="https://www.amazon.com/dp/B07K1D41DC?tag=eloabder-20&linkCode=osi&th=1&psc=1">View Product</a></div>
<div class="product"><a href="https://www.amazon.com/dp/B0CXSXL1F2?tag=eloabder-20&linkCode=osi&th=1&psc=1"><img src="https://m.media-amazon.com/images/I/41H6cndt7iL._SL500_.jpg" alt="Product Image"></a><p>9 Pack Lined Sticky Notes 4x6 in Post Sticky Notes with Lines, 9 Bright Colors Self Sticky Notes Pad Its, Large Ruled Sticky Note for Office, Home, 35 Sheets/Pad</p><p> -33% 0FF </p><p>$7.99</p><a href="https://www.amazon.com/dp/B0CXSXL1F2?tag=eloabder-20&linkCode=osi&th=1&psc=1">View Product</a></div><div class="product"><a href="https://www.amazon.com/dp/B019QROV9S?tag=eloabder-20&linkCode=osi&th=1&psc=1"><img src="https://m.media-amazon.com/images/I/51OsStyntzL._SL500_.jpg" alt="Product Image"></a><p>Sharpie Clear View Highlighter Sticks, Chisel Tip, Assorted Fluorescent, 8 Count - School, Home, and Office Use, Teacher Supplies</p><p> -23% 0FF </p><p>$13.86</p><a href="https://www.amazon.com/dp/B019QROV9S?tag=eloabder-20&linkCode=osi&th=1&psc=1">View Product</a></div>
<div class="product"><a href="https://www.amazon.com/dp/B082PN4X5J?tag=eloabder-20&linkCode=osi&th=1&psc=1"><img src="https://m.media-amazon.com/images/I/51o+eA8g6nL._SL500_.jpg" alt="Product Image"></a><p>Sharpie S-Gel Gel Pens, Black Barrel, Medium Point (0.7mm), Black Gel Ink Pens, 12 Count - Home, Office, School, Journaling, Writing, Note-Taking, Teacher Supplies</p><p> -14% 0FF </p><p>$11.97</p><a href="https://www.amazon.com/dp/B082PN4X5J?tag=eloabder-20&linkCode=osi&th=1&psc=1">View Product</a></div><div class="product"><a href="https://www.amazon.com/dp/B0C9W8DD9S?tag=eloabder-20&linkCode=osi&th=1&psc=1"><img src="https://m.media-amazon.com/images/I/41mdSvEwNZL._SL500_.jpg" alt="Product Image"></a><p>Ddaowanx Gel Pens, 6 Pcs 0.5mm Quick Dry Black Ink Pens Fine Point Smooth Writing Pens, Cute Office School Supplies Gifts for Women</p><p> -10% 0FF </p><p>$8.99</p><a href="https://www.amazon.com/dp/B0C9W8DD9S?tag=eloabder-20&linkCode=osi&th=1&psc=1">View Product</a></div><div class="product"><a href="https://www.amazon.com/dp/B019QBOG3U?tag=eloabder-20&linkCode=osi&th=1&psc=1"><img src="https://m.media-amazon.com/images/I/416PjSebDoL._SL500_.jpg" alt="Product Image"></a><p>Paper Mate Colorful Gel Pens - InkJoy Gel Pens Assorted Medium Point (0.7). Perfect for Vibrant Colored Writing and Sketching with Paper Mate InkJoy 14 Count</p><p> -18% 0FF </p><p>$10.31</p><a href="https://www.amazon.com/dp/B019QBOG3U?tag=eloabder-20&linkCode=osi&th=1&psc=1">View Product</a></div><div class="product"><a href="https://www.amazon.com/dp/B0C73JDN4S?tag=eloabder-20&linkCode=osi&th=1&psc=1"><img src="https://m.media-amazon.com/images/I/51DJUUxL7HL._SL500_.jpg" alt="Product Image"></a><p>Linbsunne Ballpoint Pens Black Medium Point 1mm Pen with Super Soft Grip Ball Point Pen for Men Women Retractable Pens (gold-12 pcs)</p><p> -10% 0FF </p><p>$8.99</p><a href="https://www.amazon.com/dp/B0C73JDN4S?tag=eloabder-20&linkCode=osi&th=1&psc=1">View Product</a></div><div class="product"><a href="https://www.amazon.com/dp/B001OTA66O?tag=eloabder-20&linkCode=osi&th=1&psc=1"><img src="https://m.media-amazon.com/images/I/41yS5tBZQLL._SL500_.jpg" alt="Product Image"></a><p>BIC Glide Black Retractable Ballpoint Pens, Medium Point (1.0mm), 4-Count Pack, Ultra Smooth Writing Black Pens</p><p> -40% 0FF </p><p>$2.99</p><a href="https://www.amazon.com/dp/B001OTA66O?tag=eloabder-20&linkCode=osi&th=1&psc=1">View Product</a></div>
<div class="product"><a href="https://www.amazon.com/dp/B002HVXXCW?tag=eloabder-20&linkCode=osi&th=1&psc=1"><img src="https://m.media-amazon.com/images/I/41JeEedXCeL._SL500_.jpg" alt="Product Image"></a><p>Ticonderoga Wood-Cased Pencils, Pre-Sharpened, 2 HB Soft, Yellow, 10 Count</p><p> -58% 0FF </p><p>$2.49</p><a href="https://www.amazon.com/dp/B002HVXXCW?tag=eloabder-20&linkCode=osi&th=1&psc=1">View Product</a></div><div class="product"><a href="https://www.amazon.com/dp/B077Q4B6YN?tag=eloabder-20&linkCode=osi&th=1&psc=1"><img src="https://m.media-amazon.com/images/I/4160YcHGDNL._SL500_.jpg" alt="Product Image"></a><p>Paper Mate 2017483 Mechanical Pencils for Handwriting, Triangular, 5/PK, AST</p><p> -45% 0FF </p><p>$3.47</p><a href="https://www.amazon.com/dp/B077Q4B6YN?tag=eloabder-20&linkCode=osi&th=1&psc=1">View Product</a></div>
<div class="product"><a href="https://www.amazon.com/dp/B0D7YTZNRF?tag=eloabder-20&linkCode=osi&th=1&psc=1"><img src="https://m.media-amazon.com/images/I/41hSbSlNAmL._SL500_.jpg" alt="Product Image"></a><p>YASNAY Alcohol Markers, 48 Colors Dual Tip Art Marker, Drawing Markers, Coloring Marker for Kids Sketching Adult Coloring</p><p> -27% 0FF </p><p>$10.99</p><a href="https://www.amazon.com/dp/B0D7YTZNRF?tag=eloabder-20&linkCode=osi&th=1&psc=1">View Product</a></div><div class="product"><a href="https://www.amazon.com/dp/B07CJ8QXF8?tag=eloabder-20&linkCode=osi&th=1&psc=1"><img src="https://m.media-amazon.com/images/I/51bChi4-H4L._SL500_.jpg" alt="Product Image"></a><p>Dual Markers Brush Pens, 36 Fine Point Art Marker, Double Tip Colored Pen for Adult Coloring Hand Lettering, School Classroom Art Suppliers</p><p> -20% 0FF </p><p>$7.98</p><a href="https://www.amazon.com/dp/B07CJ8QXF8?tag=eloabder-20&linkCode=osi&th=1&psc=1">View Product</a></div><div class="product"><a href="https://www.amazon.com/dp/B071CP6X88?tag=eloabder-20&linkCode=osi&th=1&psc=1"><img src="https://m.media-amazon.com/images/I/41sNeEYkTNL._SL500_.jpg" alt="Product Image"></a><p>Crayola Super Tips Marker Set for Kids (100ct), Broad Tip & Fine Point Washable Art Markers for Kids, Bulk School Supplies, Teacher Classroom Must Haves, Drawing Supplies</p><p> -19% 0FF </p><p>$16.29</p><a href="https://www.amazon.com/dp/B071CP6X88?tag=eloabder-20&linkCode=osi&th=1&psc=1">View Product</a></div><div class="product"><a href="https://www.amazon.com/dp/B08MBFPFCQ?tag=eloabder-20&linkCode=osi&th=1&psc=1"><img src="https://m.media-amazon.com/images/I/51DaGL7Z4oL._SL500_.jpg" alt="Product Image"></a><p>Sharpie Permanent Markers Variety Pack, Includes Chisel, Fine, and Ultra-Fine Tips, Marker Set, Writing, Coloring, Poster, Office, School Supplies, Black, 6 Count</p><p> -19% 0FF </p><p>$4.63 ($0.77 / Count)</p><a href="https://www.amazon.com/dp/B08MBFPFCQ?tag=eloabder-20&linkCode=osi&th=1&psc=1">View Product</a></div>
<div class="product"><a href="https://www.amazon.com/dp/B09Y2KJ2KX?tag=eloabder-20&linkCode=osi&th=1&psc=1"><img src="https://m.media-amazon.com/images/I/41EhQr7suML._SL500_.jpg" alt="Product Image"></a><p>Sharpie Pocket Highlighters, Mild Pastel Colors, Assorted, Chisel Tip, 12 Count - School, Home, and Office Use, Teacher Supplies</p><p> -22% 0FF </p><p>$7.76 ($0.65 / Count)</p><a href="https://www.amazon.com/dp/B09Y2KJ2KX?tag=eloabder-20&linkCode=osi&th=1&psc=1">View Product</a></div><div class="product"><a href="https://www.amazon.com/dp/B08698MJWT?tag=eloabder-20&linkCode=osi&th=1&psc=1"><img src="https://m.media-amazon.com/images/I/512N7aYt5oL._SL500_.jpg" alt="Product Image"></a><p>Sharpie S-Note Creative Markers, Pastel Highlighters, Art Marker Set, Assorted Colors, Chisel Tip, 24 Count - School, Home, and Office Use, Teacher Supplies</p><p> -60% 0FF </p><p>$8.83</p><a href="https://www.amazon.com/dp/B08698MJWT?tag=eloabder-20&linkCode=osi&th=1&psc=1">View Product</a></div>
<div class="product"><a href="https://www.amazon.com/dp/B097DPQPYN?tag=eloabder-20&linkCode=osi&th=1&psc=1"><img src="https://m.media-amazon.com/images/I/51nFyQPtfkL._SL500_.jpg" alt="Product Image"></a><p>Sonuimy Pencil Sharpeners, 4 Pcs Pencil Sharpeners Manual,Dual Holes Compact Colored Handheld Pencil Sharpener for Kids with Lid Adults Students School Class Home Office (Covered)</p><p> -13% 0FF </p><p>$4.49</p><a href="https://www.amazon.com/dp/B097DPQPYN?tag=eloabder-20&linkCode=osi&th=1&psc=1">View Product</a></div><div class="product"><a href="https://www.amazon.com/dp/B000MFN1G8?tag=eloabder-20&linkCode=osi&th=1&psc=1"><img src="https://m.media-amazon.com/images/I/41JPflroUEL._SL500_.jpg" alt="Product Image"></a><p>Compact Desktop Electric Pencil Sharpener, Black, Sold as 1 Each</p><p> -21% 0FF </p><p>$15.89</p><a href="https://www.amazon.com/dp/B000MFN1G8?tag=eloabder-20&linkCode=osi&th=1&psc=1">View Product</a></div><div class="product"><a href="https://www.amazon.com/dp/B00125KXGI?tag=eloabder-20&linkCode=osi&th=1&psc=1"><img src="https://m.media-amazon.com/images/I/51avY0bZv6L._SL500_.jpg" alt="Product Image"></a><p>Bostitch Office Personal Electric Pencil Sharpener, Powerful Stall-Free Motor, High Capacity Shavings Tray, Blue</p><p> -13% 0FF </p><p>$17.48</p><a href="https://www.amazon.com/dp/B00125KXGI?tag=eloabder-20&linkCode=osi&th=1&psc=1">View Product</a></div><div class="product"><a href="https://www.amazon.com/dp/B078DZY9Z5?tag=eloabder-20&linkCode=osi&th=1&psc=1"><img src="https://m.media-amazon.com/images/I/41KbUFGrXfL._SL500_.jpg" alt="Product Image"></a><p>JARLINK Electric Pencil Sharpener, Heavy-Duty Helical Blade to Fast Sharpen, Auto Stop for No.2/Colored Pencils(6-8mm), AC Adapter/Battery Operated in School Classroom/Office/Home (Black)</p><p> -21% 0FF </p><p>$16.98</p><a href="https://www.amazon.com/dp/B078DZY9Z5?tag=eloabder-20&linkCode=osi&th=1&psc=1">View Product</a></div><div class="product"><a href="https://www.amazon.com/dp/B08DLXH86D?tag=eloabder-20&linkCode=osi&th=1&psc=1"><img src="https://m.media-amazon.com/images/I/41UghsnBycL._SL500_.jpg" alt="Product Image"></a><p>Aogwat Pencil Sharpener Electric Pencil Sharpener for Kids, Blade to Fast Sharpen, Suitable for No.2/School/Classroom/Office/Home (Black)</p><p> -23% 0FF </p><p>$9.99</p><a href="https://www.amazon.com/dp/B08DLXH86D?tag=eloabder-20&linkCode=osi&th=1&psc=1">View Product</a></div><div class="product"><a href="https://www.amazon.com/dp/B000GP0VIU?tag=eloabder-20&linkCode=osi&th=1&psc=1"><img src="https://m.media-amazon.com/images/I/318OKKSwzbL._SL500_.jpg" alt="Product Image"></a><p>Bostitch Office Wall Mount Manual Pencil Sharpener, Tip Saver, 8 Hole Dial, 6X Longer Cutter Life, Vertical or Horizontal Mounting Black (MPS1-BLK)</p><p> -9% 0FF </p><p>$13.18</p><a href="https://www.amazon.com/dp/B000GP0VIU?tag=eloabder-20&linkCode=osi&th=1&psc=1">View Product</a></div>
<div class="product"><a href="https://www.amazon.com/dp/B00094H4LU?tag=eloabder-20&linkCode=osi&th=1&psc=1"><img src="https://m.media-amazon.com/images/I/41f-fbZYU1L._SL500_.jpg" alt="Product Image"></a><p>Paper Mate Erasers | Pink Pearl Large Erasers 12 Count</p><p> -55% 0FF </p><p>$6.03</p><a href="https://www.amazon.com/dp/B00094H4LU?tag=eloabder-20&linkCode=osi&th=1&psc=1">View Product</a></div><div class="product"><a href="https://www.amazon.com/dp/B07DPVVMWB?tag=eloabder-20&linkCode=osi&th=1&psc=1"><img src="https://m.media-amazon.com/images/I/51wLlsENgiL._SL500_.jpg" alt="Product Image"></a><p>Mr. Pen Erasers for Pencils, 120 Pack, Pencil Top Erasers, Eraser Caps, Cap Tops, Topper Erasers. Ereaser</p><p> -24% 0FF </p><p>$5.95</p><a href="https://www.amazon.com/dp/B07DPVVMWB?tag=eloabder-20&linkCode=osi&th=1&psc=1">View Product</a></div><div class="product"><a href="https://www.amazon.com/dp/B07144DC8V?tag=eloabder-20&linkCode=osi&th=1&psc=1"><img src="https://m.media-amazon.com/images/I/51Ed1+HW9cL._SL500_.jpg" alt="Product Image"></a><p>Pentel Hi-Polymer Block Eraser, White, 10/Box (ZEH10PC10)</p><p> -44% 0FF </p><p>$9.99</p><a href="https://www.amazon.com/dp/B07144DC8V?tag=eloabder-20&linkCode=osi&th=1&psc=1">View Product</a></div><div class="product"><a href="https://www.amazon.com/dp/B0047CT6SE?tag=eloabder-20&linkCode=osi&th=1&psc=1"><img src="https://m.media-amazon.com/images/I/41bhWXKeeiL._SL500_.jpg" alt="Product Image"></a><p>Pentel Clic Retractable Eraser with Grip, 3 Pack</p><p> -29% 0FF </p><p>$4.77</p><a href="https://www.amazon.com/dp/B0047CT6SE?tag=eloabder-20&linkCode=osi&th=1&psc=1">View Product</a></div>
<div class="product"><a href="https://www.amazon.com/dp/B09S9X3HV7?tag=eloabder-20&linkCode=osi&th=1&psc=1"><img src="https://m.media-amazon.com/images/I/51GgMyfl5VL._SL500_.jpg" alt="Product Image"></a><p>Color Transparent Ruler Plastic Rulers - Ruler 12 inch, Kids Ruler for School, Ruler with Centimeters, Millimeter and Inches, Assorted Colors, Clear Rulers, 7 Pack School Rulers</p><p> -16% 0FF </p><p>$5.99</p><a href="https://www.amazon.com/dp/B09S9X3HV7?tag=eloabder-20&linkCode=osi&th=1&psc=1">View Product</a></div><div class="product"><a href="https://www.amazon.com/dp/B06XK9VQM4?tag=eloabder-20&linkCode=osi&th=1&psc=1"><img src="https://m.media-amazon.com/images/I/51Glln3n-nL._SL500_.jpg" alt="Product Image"></a><p>Outus 12 Pack Wood Ruler Bulk for Students Wooden School Rulers Gifts Office Classroom Measuring, 2 Scale, 12 Inch and 30 cm</p><p> -6% 0FF </p><p>$7.99</p><a href="https://www.amazon.com/dp/B06XK9VQM4?tag=eloabder-20&linkCode=osi&th=1&psc=1">View Product</a></div><div class="product"><a href="https://www.amazon.com/dp/B0B5MLTG7J?tag=eloabder-20&linkCode=osi&th=1&psc=1"><img src="https://m.media-amazon.com/images/I/51z9LUxLKmL._SL500_.jpg" alt="Product Image"></a><p>DAGONGREN 30 Pack Clear Plastic Rulers 12 Inch,Transparent Assorted Color Metric Bulk Rulers with Inches and Centimeters,Kids Ruler for School,Home,Office</p><p> -9% 0FF </p><p>$9.99</p><a href="https://www.amazon.com/dp/B0B5MLTG7J?tag=eloabder-20&linkCode=osi&th=1&psc=1">View Product</a></div><div class="product"><a href="https://www.amazon.com/dp/B096MPPF53?tag=eloabder-20&linkCode=osi&th=1&psc=1"><img src="https://m.media-amazon.com/images/I/51qUpElDRcS._SL500_.jpg" alt="Product Image"></a><p>Tenare 1 Set Plastic Clear Math Set Includes Protractor Triangle Rulers 12 Inch 6 Inch Straight Geometry Math Transparent Ruler Measuring Tool for School Office Home Supplies(Clear)</p><p> -25% 0FF </p><p>$5.98</p><a href="https://www.amazon.com/dp/B096MPPF53?tag=eloabder-20&linkCode=osi&th=1&psc=1">View Product</a></div>
<div class="product"><a href="https://www.amazon.com/dp/B07YDDX4JL?tag=eloabder-20&linkCode=osi&th=1&psc=1"><img src="https://m.media-amazon.com/images/I/41oBPZwCRLL._SL500_.jpg" alt="Product Image"></a><p>3-Pack 8" Heavy Duty Scissors with Ultra Sharp Blades and Comfort Grip Handles - For Office, Home, School, Sewing, and Crafts</p><p> -15% 0FF </p><p>$8.49 ($2.83 / Count)</p><a href="https://www.amazon.com/dp/B07YDDX4JL?tag=eloabder-20&linkCode=osi&th=1&psc=1">View Product</a></div><div class="product"><a href="https://www.amazon.com/dp/B01BRGU8R0?tag=eloabder-20&linkCode=osi&th=1&psc=1"><img src="https://m.media-amazon.com/images/I/41ANVra+eNL._SL500_.jpg" alt="Product Image"></a><p>Amazon Basics Stainless Steel Scissors for Office, Crafts, Multipurpose, Sharp, Comfort Grip, PVD Coated, 3 Pack, Multicolor</p><p> -45% 0FF </p><p>$7.55</p><a href="https://www.amazon.com/dp/B01BRGU8R0?tag=eloabder-20&linkCode=osi&th=1&psc=1">View Product</a></div><div class="product"><a href="https://www.amazon.com/dp/B000P0LNRE?tag=eloabder-20&linkCode=osi&th=1&psc=1"><img src="https://m.media-amazon.com/images/I/41fWgMTO0JL._SL500_.jpg" alt="Product Image"></a><p>Westcott 8-Inch Titanium-Bonded Scissors with Adjustable Glide Feature for Office and Home - Gray/Yellow, 2-Pack</p><p> -33% 0FF </p><p>$9.97</p><a href="https://www.amazon.com/dp/B000P0LNRE?tag=eloabder-20&linkCode=osi&th=1&psc=1">View Product</a></div>
<div class="product"><a href="https://www.amazon.com/dp/B074ZRZ4CZ?tag=eloabder-20&linkCode=osi&th=1&psc=1"><img src="https://m.media-amazon.com/images/I/41bu+HKxC2L._SL500_.jpg" alt="Product Image"></a><p>Swingline Commercial Stapler, 20 Sheet Capacity, Jam Free, Metal, 2 Pack, Black (44401AZ)</p><p> -5% 0FF </p><p>$18.98</p><a href="https://www.amazon.com/dp/B074ZRZ4CZ?tag=eloabder-20&linkCode=osi&th=1&psc=1">View Product</a></div><div class="product"><a href="https://www.amazon.com/dp/B001PME62K?tag=eloabder-20&linkCode=osi&th=1&psc=1"><img src="https://m.media-amazon.com/images/I/41gbaJu-3iL._SL500_.jpg" alt="Product Image"></a><p>Swingline Stapler, 40 Sheet Capacity, Optima 40, Jam Free, Reduced Effort, Soft Grip, Metal, Orange and Gray (87845)</p><p> -14% 0FF </p><p>$24.19</p><a href="https://www.amazon.com/dp/B001PME62K?tag=eloabder-20&linkCode=osi&th=1&psc=1">View Product</a></div><div class="product"><a href="https://www.amazon.com/dp/B0D2JBKYM1?tag=eloabder-20&linkCode=osi&th=1&psc=1"><img src="https://m.media-amazon.com/images/I/41zFTU9QpfL._SL500_.jpg" alt="Product Image"></a><p>Bostitch Office Stapler, No-Jam Premium for Desktop, Includes 1,250 Staples, Full-Strip, 25 Sheet Capacity, Black</p><p> -26% 0FF </p><p>$6.99</p><a href="https://www.amazon.com/dp/B0D2JBKYM1?tag=eloabder-20&linkCode=osi&th=1&psc=1">View Product</a></div><div class="product"><a href="https://www.amazon.com/dp/B0CC5GJKM1?tag=eloabder-20&linkCode=osi&th=1&psc=1"><img src="https://m.media-amazon.com/images/I/41JDDoSZQiL._SL500_.jpg" alt="Product Image"></a><p>Metal Stapler Heavy Duty 50 Sheet Capacity with 1750 Staples and Staple Remover, Full Strip Staplers for Desk, No Jam, Non-Slip for Office & Classroom, Black</p><p> -33% 0FF </p><p>$13.29</p><a href="https://www.amazon.com/dp/B0CC5GJKM1?tag=eloabder-20&linkCode=osi&th=1&psc=1">View Product</a></div><div class="product"><a href="https://www.amazon.com/dp/B0006HUQZ6?tag=eloabder-20&linkCode=osi&th=1&psc=1"><img src="https://m.media-amazon.com/images/I/31e-T-f1TGL._SL500_.jpg" alt="Product Image"></a><p>Swingline Stapler, 30 Sheet Capacity, 747 Business Stapler, Jam Free, Metal, Rio Red (74736)</p><p> -23% 0FF </p><p>$15.30</p><a href="https://www.amazon.com/dp/B0006HUQZ6?tag=eloabder-20&linkCode=osi&th=1&psc=1">View Product</a></div>
<div class="product"><a href="https://www.amazon.com/dp/B00J8PJJF0?tag=eloabder-20&linkCode=osi&th=1&psc=1"><img src="https://m.media-amazon.com/images/I/418dc+5ZGkL._SL500_.jpg" alt="Product Image"></a><p>Bostitch Office Premium Standard Staples, 1/4" Full Strip, Box of 5,000 Staples</p><p> -27% 0FF </p><p>$4.39</p><a href="https://www.amazon.com/dp/B00J8PJJF0?tag=eloabder-20&linkCode=osi&th=1&psc=1">View Product</a></div><div class="product"><a href="https://www.amazon.com/dp/B079VYR12V?tag=eloabder-20&linkCode=osi&th=1&psc=1"><img src="https://m.media-amazon.com/images/I/51xAt88vqrL._SL500_.jpg" alt="Product Image"></a><p>Officemate Standard Staples, 10 Boxes General Purpose Staple (91950)</p><p> -10% 0FF </p><p>$14.37</p><a href="https://www.amazon.com/dp/B079VYR12V?tag=eloabder-20&linkCode=osi&th=1&psc=1">View Product</a></div><div class="product"><a href="https://www.amazon.com/dp/B00006IFMQ?tag=eloabder-20&linkCode=osi&th=1&psc=1"><img src="https://m.media-amazon.com/images/I/51UsWZuFq8L._SL500_.jpg" alt="Product Image"></a><p>Bostitch Office B8 PowerCrown 0.25 Inch Staples, Pack of 5,000 Staples (STCRP21151/4), Silver</p><p> -30% 0FF </p><p>$2.33</p><a href="https://www.amazon.com/dp/B00006IFMQ?tag=eloabder-20&linkCode=osi&th=1&psc=1">View Product</a></div>
<div class="product"><a href="https://www.amazon.com/dp/B000J07BRQ?tag=eloabder-20&linkCode=osi&th=1&psc=1"><img src="https://m.media-amazon.com/images/I/51QpJKjajbL._SL500_.jpg" alt="Product Image"></a><p>Scotch Heavy Duty Shipping Packing Tape, Clear, Packing Tape for Moving Boxes and Packaging Supplies, 1.88 in. x 22.2 yd., 6 Roll Dispensers, Moving Supplies</p><p> -35% 0FF </p><p>$12.99</p><a href="https://www.amazon.com/dp/B000J07BRQ?tag=eloabder-20&linkCode=osi&th=1&psc=1">View Product</a></div><div class="product"><a href="https://www.amazon.com/dp/B0000DH8HQ?tag=eloabder-20&linkCode=osi&th=1&psc=1"><img src="https://m.media-amazon.com/images/I/414lAY+087L._SL500_.jpg" alt="Product Image"></a><p>Scotch Magic Tape, Invisible Transparent Tape, 6 Tape Rolls with Dispensers, 3/4 in x 650 in</p><p> -23% 0FF </p><p>$12.34</p><a href="https://www.amazon.com/dp/B0000DH8HQ?tag=eloabder-20&linkCode=osi&th=1&psc=1">View Product</a></div><div class="product"><a href="https://www.amazon.com/dp/B0DQHV6X92?tag=eloabder-20&linkCode=osi&th=1&psc=1"><img src="https://m.media-amazon.com/images/I/51ViCFlgldL._SL500_.jpg" alt="Product Image"></a><p>BeataTap Tape, Invisible Tape, 6 Rolls + 6 Refillable Dispensers, Matte Finish, Writable, 3/4″ x 650″, Transparent Tape, Clear Tape for Gift Wrapping Paper, School Supplies</p><p> -15% 0FF </p><p>$5.94 ($0.99 / Count)</p><a href="https://www.amazon.com/dp/B0DQHV6X92?tag=eloabder-20&linkCode=osi&th=1&psc=1">View Product</a></div><div class="product"><a href="https://www.amazon.com/dp/B07CB6LN5S?tag=eloabder-20&linkCode=osi&th=1&psc=1"><img src="https://m.media-amazon.com/images/I/41NNyeISnjL._SL500_.jpg" alt="Product Image"></a><p>Scotch Super-Hold Tape, 2 Rolls, Transparent Finish, 50% More Adhesive, Trusted Favorite, 3/4 x 600 Inches, Dispensered (198DM-2)</p><p> -30% 0FF </p><p>$5.97</p><a href="https://www.amazon.com/dp/B07CB6LN5S?tag=eloabder-20&linkCode=osi&th=1&psc=1">View Product</a></div><div class="product"><a href="https://www.amazon.com/dp/B00464740A?tag=eloabder-20&linkCode=osi&th=1&psc=1"><img src="https://m.media-amazon.com/images/I/51ZPFoiGfuL._SL500_.jpg" alt="Product Image"></a><p>Scotch Sure Start Shipping Packaging Tape, 1.88" x 22.2 yd, Designed for Packing, Shipping and Mailing, Quiet Unwind, No Splitting or Tearing, 1.5" Core, Clear, 6 Dispensered Rolls (145-6)</p><p> -28% 0FF </p><p>$13.48</p><a href="https://www.amazon.com/dp/B00464740A?tag=eloabder-20&linkCode=osi&th=1&psc=1">View Product</a></div><div class="product"><a href="https://www.amazon.com/dp/B09C6LLG9P?tag=eloabder-20&linkCode=osi&th=1&psc=1"><img src="https://m.media-amazon.com/images/I/41rbv66ZNBL._SL500_.jpg" alt="Product Image"></a><p>Scotch Box Lock Packaging Tape, 1 Roll with Dispenser, 1.88 in x 1000 in, Extreme Grip, Sticks Instantly to Any Box (195L)</p><p> -31% 0FF </p><p>$4.12</p><a href="https://www.amazon.com/dp/B09C6LLG9P?tag=eloabder-20&linkCode=osi&th=1&psc=1">View Product</a></div>
<div class="product"><a href="https://www.amazon.com/dp/B08QQZ71CV?tag=eloabder-20&linkCode=osi&th=1&psc=1"><img src="https://m.media-amazon.com/images/I/51Foz0aGYoS._SL500_.jpg" alt="Product Image"></a><p>Gorilla Super Glue, Clear Glue, Four 3 Gram Tubes (Pack of 1) - All Purpose and Fast Setting for Projects and Repairs</p><p> -25% 0FF </p><p>$9.49 ($22.60 / Ounce)</p><a href="https://www.amazon.com/dp/B08QQZ71CV?tag=eloabder-20&linkCode=osi&th=1&psc=1">View Product</a></div><div class="product"><a href="https://www.amazon.com/dp/B07J6R3GK7?tag=eloabder-20&linkCode=osi&th=1&psc=1"><img src="https://m.media-amazon.com/images/I/31kdOjGBkpL._SL500_.jpg" alt="Product Image"></a><p>Amazon Basics All Purpose Washable School Clear Liquid Glue - Great for Making Slime, 128 fl oz</p><p> -6% 0FF </p><p>$16.13</p><a href="https://www.amazon.com/dp/B07J6R3GK7?tag=eloabder-20&linkCode=osi&th=1&psc=1">View Product</a></div><div class="product"><a href="https://www.amazon.com/dp/B00178QQJ8?tag=eloabder-20&linkCode=osi&th=1&psc=1"><img src="https://m.media-amazon.com/images/I/41zs6k410RL._SL500_.jpg" alt="Product Image"></a><p>Mod Podge Gloss Sealer, Glue & Finish: All-in-One Craft Solution- Quick Dry, Easy Clean, for Wood, Paper, Fabric & More. Non-Toxic - Craft with Confidence, Made in USA, 16 oz., Pack of 1</p><p> -36% 0FF </p><p>$7.99 ($0.50 / Fl Oz)</p><a href="https://www.amazon.com/dp/B00178QQJ8?tag=eloabder-20&linkCode=osi&th=1&psc=1">View Product</a></div><div class="product"><a href="https://www.amazon.com/dp/B073V14DZJ?tag=eloabder-20&linkCode=osi&th=1&psc=1"><img src="https://m.media-amazon.com/images/I/31Iyy5+vk6L._SL500_.jpg" alt="Product Image"></a><p>Amazon Basics All Purpose Washable School Craft Liquid Glue for Making Slime, White, Single Pack, 1 Gallon</p><p> -7% 0FF </p><p>$15.54</p><a href="https://www.amazon.com/dp/B073V14DZJ?tag=eloabder-20&linkCode=osi&th=1&psc=1">View Product</a></div><div class="product"><a href="https://www.amazon.com/dp/B0006HUJCQ?tag=eloabder-20&linkCode=osi&th=1&psc=1"><img src="https://m.media-amazon.com/images/I/511pTqChTCL._SL500_.jpg" alt="Product Image"></a><p>Loctite Super Glue Gel Control, Clear, 0.14 fl oz Bottle, 1 Pack - Superglue for Plastic, Wood, Metal, Crafts & Repair, Cyanoacrylate Adhesive Instant Glue, Quick Dry</p><p> -13% 0FF </p><p>$3.64 ($26.00 / Fl Oz)</p><a href="https://www.amazon.com/dp/B0006HUJCQ?tag=eloabder-20&linkCode=osi&th=1&psc=1">View Product</a></div>
<div class="product"><a href="https://www.amazon.com/dp/B074XTRX7K?tag=eloabder-20&linkCode=osi&th=1&psc=1"><img src="https://m.media-amazon.com/images/I/31rOPIrMfDL._SL500_.jpg" alt="Product Image"></a><p>Amazon Basics Sturdy Binder Clips for Office Use, 96 Count (8 Pack of 12), Medium, 1.25 in, Black</p><p> -26% 0FF </p><p>$7.48</p><a href="https://www.amazon.com/dp/B074XTRX7K?tag=eloabder-20&linkCode=osi&th=1&psc=1">View Product</a></div><div class="product"><a href="https://www.amazon.com/dp/B00TQ8FDB8?tag=eloabder-20&linkCode=osi&th=1&psc=1"><img src="https://m.media-amazon.com/images/I/51y7lUrMLnL._SL500_.jpg" alt="Product Image"></a><p>ACCO Binder Clips, Medium, Black, 12 per Box, 2 Boxes (72062)</p><p> -25% 0FF </p><p>$5.96</p><a href="https://www.amazon.com/dp/B00TQ8FDB8?tag=eloabder-20&linkCode=osi&th=1&psc=1">View Product</a></div><div class="product"><a href="https://www.amazon.com/dp/B08KWCDP3C?tag=eloabder-20&linkCode=osi&th=1&psc=1"><img src="https://m.media-amazon.com/images/I/41qucDz6HuL._SL500_.jpg" alt="Product Image"></a><p>Ufmarine Medium Binder Clips 1.25 inch Length, (40 Pcs) Colorful Paper Clips Medium for Office</p><p> -12% 0FF </p><p>$5.99</p><a href="https://www.amazon.com/dp/B08KWCDP3C?tag=eloabder-20&linkCode=osi&th=1&psc=1">View Product</a></div>
<div class="product"><a href="https://www.amazon.com/dp/B09XQLJFDD?tag=eloabder-20&linkCode=osi&th=1&psc=1"><img src="https://m.media-amazon.com/images/I/41iiSFMy4uL._SL500_.jpg" alt="Product Image"></a><p>PAPERPAL Paperclips for Office School & Personal Use, #1 Nonskid Paper Clip (1-2/7"), 600 Medium Paper Clips (6 Boxes of 100 Each), Silver</p><p> -20% 0FF </p><p>$7.99</p><a href="https://www.amazon.com/dp/B09XQLJFDD?tag=eloabder-20&linkCode=osi&th=1&psc=1">View Product</a></div>

<div class="product"><a href="https://www.amazon.com/dp/B004I2G8NO?tag=eloabder-20&linkCode=osi&th=1&psc=1"><img src="https://m.media-amazon.com/images/I/51WEsLRINGL._SL500_.jpg" alt="Product Image"></a><p>Business Source Rubber Band, Natural (1914LB)</p><p> -26% 0FF </p><p>$4.00</p><a href="https://www.amazon.com/dp/B004I2G8NO?tag=eloabder-20&linkCode=osi&th=1&psc=1">View Product</a></div><div class="product"><a href="https://www.amazon.com/dp/B077GDY1LP?tag=eloabder-20&linkCode=osi&th=1&psc=1"><img src="https://m.media-amazon.com/images/I/41nn0nmNTiL._SL500_.jpg" alt="Product Image"></a><p>ANNIE 1000 RUBBER BANDS 1/2" #BLACK</p><p> -7% 0FF </p><p>$4.90 ($1.22 / Count)</p><a href="https://www.amazon.com/dp/B077GDY1LP?tag=eloabder-20&linkCode=osi&th=1&psc=1">View Product</a></div><div class="product"><a href="https://www.amazon.com/dp/B000783OPI?tag=eloabder-20&linkCode=osi&th=1&psc=1"><img src="https://m.media-amazon.com/images/I/510okXKzMqL._SL500_.jpg" alt="Product Image"></a><p>Universal 00419 19-Size Rubber Bands (335 Per Pack), Beige</p><p> -29% 0FF </p><p>$3.44</p><a href="https://www.amazon.com/dp/B000783OPI?tag=eloabder-20&linkCode=osi&th=1&psc=1">View Product</a></div><div class="product"><a href="https://www.amazon.com/dp/B00006IBRU?tag=eloabder-20&linkCode=osi&th=1&psc=1"><img src="https://m.media-amazon.com/images/I/51pU5khkX8L._SL500_.jpg" alt="Product Image"></a><p>ALL26335 - Alliance Rubber 26335 Advantage Rubber Bands - Size #33, Natural, 1 Pound 3 x 1/8 inches</p><p> -62% 0FF </p><p>$3.29</p><a href="https://www.amazon.com/dp/B00006IBRU?tag=eloabder-20&linkCode=osi&th=1&psc=1">View Product</a></div>
<div class="product"><a href="https://www.amazon.com/dp/B0DSKTZBB6?tag=eloabder-20&linkCode=osi&th=1&psc=1"><img src="https://m.media-amazon.com/images/I/415YD3kNFlL._SL500_.jpg" alt="Product Image"></a><p>300 Count Colored Index Cards 3 x 5 Inch Ruled Index Cards, Flash Cards College Ruled for School, College, Office and Home Organization, Durable Study To Do List Note Cards with Ruled Lines</p><p> -10% 0FF </p><p>$6.29</p><a href="https://www.amazon.com/dp/B0DSKTZBB6?tag=eloabder-20&linkCode=osi&th=1&psc=1">View Product</a></div><div class="product"><a href="https://www.amazon.com/dp/B09JYQZQ3V?tag=eloabder-20&linkCode=osi&th=1&psc=1"><img src="https://m.media-amazon.com/images/I/41y5vfnutuL._SL500_.jpg" alt="Product Image"></a><p>Oxford Index Cards, 3 x 5 Inches, White, Lined on Front, Blank on Back, Flashcards for School and Studying, Recipe Note Cards, 500 Count (5 Packs of 100) (40176)</p><p> -22% 0FF </p><p>$7.01</p><a href="https://www.amazon.com/dp/B09JYQZQ3V?tag=eloabder-20&linkCode=osi&th=1&psc=1">View Product</a></div>
<div class="product"><a href="https://www.amazon.com/dp/B00P9U2EM8?tag=eloabder-20&linkCode=osi&th=1&psc=1"><img src="https://m.media-amazon.com/images/I/41Op5kyIukL._SL500_.jpg" alt="Product Image"></a><p>Mead Spiral Notebook, 6 Pack, 1 Subject, College Ruled Paper, 7-1/2" x 10-1/2", 70 Sheets per Notebook, Colors Will Vary (830062-ECM25)</p><p> -46% 0FF </p><p>$6.71</p><a href="https://www.amazon.com/dp/B00P9U2EM8?tag=eloabder-20&linkCode=osi&th=1&psc=1">View Product</a></div><div class="product"><a href="https://www.amazon.com/dp/B0CQN8FVJX?tag=eloabder-20&linkCode=osi&th=1&psc=1"><img src="https://m.media-amazon.com/images/I/414WVVoGFPL._SL500_.jpg" alt="Product Image"></a><p>SUNEE Spiral Notebooks, 1-Subject, 5 Pack, College Ruled Paper, 8" x 10-1/2", 70 Sheets per Notebook,3-Hole Punched Paper, Pink,Purple, Blue, Green, Yellow Spiral Lined Notebooks for School,Work</p><p> -29% 0FF </p><p>$9.99</p><a href="https://www.amazon.com/dp/B0CQN8FVJX?tag=eloabder-20&linkCode=osi&th=1&psc=1">View Product</a></div><div class="product"><a href="https://www.amazon.com/dp/B08NYRMWZ8?tag=eloabder-20&linkCode=osi&th=1&psc=1"><img src="https://m.media-amazon.com/images/I/41y1cnNXtOL._SL500_.jpg" alt="Product Image"></a><p>Yansanido Spiral Notebook, 4 Pcs 8.3 Inch x 5.9 Inch A5 Thick Plastic Hardcover 8mm Ruled 4 Color 80 Sheets -160 Pages Journals for Study and Notes (style 10-Wine Red,Brown,Green,ivory, A5)</p><p> -23% 0FF </p><p>$9.99</p><a href="https://www.amazon.com/dp/B08NYRMWZ8?tag=eloabder-20&linkCode=osi&th=1&psc=1">View Product</a></div><div class="product"><a href="https://www.amazon.com/dp/B08VF9VYLZ?tag=eloabder-20&linkCode=osi&th=1&psc=1"><img src="https://m.media-amazon.com/images/I/41ktUSmtHAL._SL500_.jpg" alt="Product Image"></a><p>Oxford Spiral Notebooks, 6 Pack, 1 Subject, Wide Ruled Notebooks for School, 8 x 10.5 Inches, 70 Sheets, Assorted Pastel Colors, Back to School Supplies (63757)</p><p> -6% 0FF </p><p>$8.99</p><a href="https://www.amazon.com/dp/B08VF9VYLZ?tag=eloabder-20&linkCode=osi&th=1&psc=1">View Product</a></div>
<div class="product"><a href="https://www.amazon.com/dp/B0FDRCSXZH?tag=eloabder-20&linkCode=osi&th=1&psc=1"><img src="https://m.media-amazon.com/images/I/41rYztS-0zL._SL500_.jpg" alt="Product Image"></a><p>5pcs Small Note Pads, Color Notepads 5x8 College Ruled Notebook, Writing Pads 5 x 8, Legal Pads, Memo Pad Paper Perforate Narrow Ruled Notebooks for Work, School, Office Supplies,30 Sheets/Pack</p><p> -14% 0FF </p><p>$5.99</p><a href="https://www.amazon.com/dp/B0FDRCSXZH?tag=eloabder-20&linkCode=osi&th=1&psc=1">View Product</a></div><div class="product"><a href="https://www.amazon.com/dp/B0BZQNCV62?tag=eloabder-20&linkCode=osi&th=1&psc=1"><img src="https://m.media-amazon.com/images/I/41yNqvqCwoL._SL500_.jpg" alt="Product Image"></a><p>Alitte Legal Notepads 8.5 x 11, Pack of 12 - Perforated Wide Ruled Writing Pad - Premium Thick Paper, No Ink Bleeding - Blank Legal Pads For Home, Office, School, Business - 50 Sheets Per Notebook</p><p> -17% 0FF </p><p>$24.99</p><a href="https://www.amazon.com/dp/B0BZQNCV62?tag=eloabder-20&linkCode=osi&th=1&psc=1">View Product</a></div>
<div class="product"><a href="https://www.amazon.com/dp/B0C7S1PCX4?tag=eloabder-20&linkCode=osi&th=1&psc=1"><img src="https://m.media-amazon.com/images/I/41nVRBg2klL._SL500_.jpg" alt="Product Image"></a><p>Oxford 8.5 x 11 Legal Pads, 12 Pack, Wide Ruled, Yellow Paper, 50 Sheets Per Writing Pad, Made in the USA (74020)</p><p> -30% 0FF </p><p>$12.60</p><a href="https://www.amazon.com/dp/B0C7S1PCX4?tag=eloabder-20&linkCode=osi&th=1&psc=1">View Product</a></div><div class="product"><a href="https://www.amazon.com/dp/B0CGF22134?tag=eloabder-20&linkCode=osi&th=1&psc=1"><img src="https://m.media-amazon.com/images/I/41FzLgeXAyL._SL500_.jpg" alt="Product Image"></a><p>MSKKSM Legal Pads 8.5 x 11, 3 Pack Yellow Note Pads 8.5 x 11 Writing Pads, Wide Ruled Legal Notepads, Lined Pads of Paper Yellow Paper Pads, 30 Sheets Per Notepad for School, Home, Office, Business</p><p> -17% 0FF </p><p>$9.99</p><a href="https://www.amazon.com/dp/B0CGF22134?tag=eloabder-20&linkCode=osi&th=1&psc=1">View Product</a></div><div class="product"><a href="https://www.amazon.com/dp/B0FCMWHFC2?tag=eloabder-20&linkCode=osi&th=1&psc=1"><img src="https://m.media-amazon.com/images/I/41MMVFB-S4L._SL500_.jpg" alt="Product Image"></a><p>5pcs Legal Pads 8.5 x 11, Notepads 8.5 x 11 Inch, Color Note Pads Clear Print Writing Pads of Paper, Memo Pads , Perforate Legal Notepads Paper , Wide Ruled Lined with Sturdy Back,30 Sheets/Pack</p><p> -8% 0FF </p><p>$11.99</p><a href="https://www.amazon.com/dp/B0FCMWHFC2?tag=eloabder-20&linkCode=osi&th=1&psc=1">View Product</a></div>
<div class="product"><a href="https://www.amazon.com/dp/B08H593JZG?tag=eloabder-20&linkCode=osi&th=1&psc=1"><img src="https://m.media-amazon.com/images/I/415Ykzo-lyL._SL500_.jpg" alt="Product Image"></a><p>Eastern Wolf 8 Pads Sticky Notes 3x3 Self-Stick Notes 8 Bright Multi Colors Purple Sticky Notes, 85 Sheet/Pad</p><p> -20% 0FF </p><p>$5.59</p><a href="https://www.amazon.com/dp/B08H593JZG?tag=eloabder-20&linkCode=osi&th=1&psc=1">View Product</a></div><div class="product"><a href="https://www.amazon.com/dp/B0BPJW13CM?tag=eloabder-20&linkCode=osi&th=1&psc=1"><img src="https://m.media-amazon.com/images/I/41uKwTyz1rL._SL500_.jpg" alt="Product Image"></a><p>Post-it 100% Recycled Paper Super Sticky Notes, 2X The Sticking Power, 3x3 in, 5 Pads, 70 Sheets/Pad, Wanderlust Pastels Collection (654R-5SSNRP)</p><p> -33% 0FF </p><p>$5.98</p><a href="https://www.amazon.com/dp/B0BPJW13CM?tag=eloabder-20&linkCode=osi&th=1&psc=1">View Product</a></div><div class="product"><a href="https://www.amazon.com/dp/B0D6RPPK9H?tag=eloabder-20&linkCode=osi&th=1&psc=1"><img src="https://m.media-amazon.com/images/I/41O8zZ-RN4L._SL500_.jpg" alt="Product Image"></a><p>(18 Pads) Sticky Notes 3x3 inch, Self-Stick Pads Bright Colors Sticky Note, Recyclable, Easy to Post for Home, Office, Notebook</p><p> -40% 0FF </p><p>$8.39</p><a href="https://www.amazon.com/dp/B0D6RPPK9H?tag=eloabder-20&linkCode=osi&th=1&psc=1">View Product</a></div><div class="product"><a href="https://www.amazon.com/dp/B0CMGJ6FRB?tag=eloabder-20&linkCode=osi&th=1&psc=1"><img src="https://m.media-amazon.com/images/I/41xF9DqIGZL._SL500_.jpg" alt="Product Image"></a><p>Sticky Notes, 12 Pads, 3x3 inches, Soft Pastel Self-Stick Note Pads, Perfect for Office, Study, and Daily Life Organization - Soft Pastel</p><p> -16% 0FF </p><p>$5.06</p><a href="https://www.amazon.com/dp/B0CMGJ6FRB?tag=eloabder-20&linkCode=osi&th=1&psc=1">View Product</a></div>
<div class="product"><a href="https://www.amazon.com/dp/B07VRYX57R?tag=eloabder-20&linkCode=osi&th=1&psc=1"><img src="https://m.media-amazon.com/images/I/410XbLRqukL._SL500_.jpg" alt="Product Image"></a><p>(24 Pack) Sticky Notes 3x3 in Post Bright Stickies Colorful Super Sticking Power Memo Pads, Strong Adhesive, 74 Sheets/pad</p><p> -35% 0FF </p><p>$16.99</p><a href="https://www.amazon.com/dp/B07VRYX57R?tag=eloabder-20&linkCode=osi&th=1&psc=1">View Product</a></div><div class="product"><a href="https://www.amazon.com/dp/B00QSR9PRI?tag=eloabder-20&linkCode=osi&th=1&psc=1"><img src="https://m.media-amazon.com/images/I/31n-YNlgraL._SL500_.jpg" alt="Product Image"></a><p>Amazon Basics Narrow Ruled Lined Writing Note Pad, 5 inch x 8 inch, White, 12 Count (12 Pack of 50 pages)</p><p> -6% 0FF </p><p>$8.78</p><a href="https://www.amazon.com/dp/B00QSR9PRI?tag=eloabder-20&linkCode=osi&th=1&psc=1">View Product</a></div><div class="product"><a href="https://www.amazon.com/dp/B0D5M4D3NN?tag=eloabder-20&linkCode=osi&th=1&psc=1"><img src="https://m.media-amazon.com/images/I/41uzPvHBCDL._SL500_.jpg" alt="Product Image"></a><p>(12 Pack) Lined Sticky Notes 4x6 in Ruled Stickies Super Sticking Power Memo Pads Bright Colors</p><p> -40% 0FF </p><p>$8.98</p><a href="https://www.amazon.com/dp/B0D5M4D3NN?tag=eloabder-20&linkCode=osi&th=1&psc=1">View Product</a></div><div class="product"><a href="https://www.amazon.com/dp/B0CQK3M5VK?tag=eloabder-20&linkCode=osi&th=1&psc=1"><img src="https://m.media-amazon.com/images/I/31jKEzc1qFL._SL500_.jpg" alt="Product Image"></a><p>Note Pads 4x6 Inch, 6 Pack Blank Scratch Pads, 50 Sheets Per Memo Pad for Writing, White Pad of Paper Suit for Home, Office and School, Tear off Notepad, Small Server Notebook</p><p> -10% 0FF </p><p>$6.29</p><a href="https://www.amazon.com/dp/B0CQK3M5VK?tag=eloabder-20&linkCode=osi&th=1&psc=1">View Product</a></div>
<div class="product"><a href="https://www.amazon.com/dp/B0F5D4VNBX?tag=eloabder-20&linkCode=osi&th=1&psc=1"><img src="https://m.media-amazon.com/images/I/41SnXbixNcL._SL500_.jpg" alt="Product Image"></a><p>Blue Sky 2026 Weekly and Monthly Planner Calendar, Includes January 2026 - December 2026, 5" x 8", Flexible Cover, Wirebound, Laminated Tabs, Enterprise</p><p> -10% 0FF </p><p>$8.99</p><a href="https://www.amazon.com/dp/B0F5D4VNBX?tag=eloabder-20&linkCode=osi&th=1&psc=1">View Product</a></div><div class="product"><a href="https://www.amazon.com/dp/B0FRNQDRCR?tag=eloabder-20&linkCode=osi&th=1&psc=1"><img src="https://m.media-amazon.com/images/I/51rBf1oJchL._SL500_.jpg" alt="Product Image"></a><p>Essential PRO 2026 Daily, Weekly & Monthly Planner, 7"x9": 14 Months (Nov 2025 - Dec 2026) Monthly Tabs,Daily Tracking,Notes Pages,Storage Pocket,Bookmark w Sticky Notes (Tree Seasons)</p><p> -14% 0FF </p><p>$29.95</p><a href="https://www.amazon.com/dp/B0FRNQDRCR?tag=eloabder-20&linkCode=osi&th=1&psc=1">View Product</a></div><div class="product"><a href="https://www.amazon.com/dp/B0DYBQWJ5S?tag=eloabder-20&linkCode=osi&th=1&psc=1"><img src="https://m.media-amazon.com/images/I/41UP6Ui7BjL._SL500_.jpg" alt="Product Image"></a><p>AT-A-GLANCE 2026 Appointment Book Planner, Weekly, 8" x 11", Large, Quarter-Hourly, DayMinder, Black (G5200026)</p><p> -45% 0FF </p><p>$15.87</p><a href="https://www.amazon.com/dp/B0DYBQWJ5S?tag=eloabder-20&linkCode=osi&th=1&psc=1">View Product</a></div><div class="product"><a href="https://www.amazon.com/dp/B0DJ8SXCR4?tag=eloabder-20&linkCode=osi&th=1&psc=1"><img src="https://m.media-amazon.com/images/I/41sRmmLvCsL._SL500_.jpg" alt="Product Image"></a><p>Planner 2025-2026, Weekly and Monthly Calendar Academic Planner (July 2025 - June 2026), Hardcover Teacher School Student Agenda with Tabs, Ideal for School Office Supplies, A5 (6.3" x 8.5") - Green</p><p> -25% 0FF </p><p>$8.99</p><a href="https://www.amazon.com/dp/B0DJ8SXCR4?tag=eloabder-20&linkCode=osi&th=1&psc=1">View Product</a></div><div class="product"><a href="https://www.amazon.com/dp/B0D2VW43KP?tag=eloabder-20&linkCode=osi&th=1&psc=1"><img src="https://m.media-amazon.com/images/I/41eyA1Q1U4L._SL500_.jpg" alt="Product Image"></a><p>Forvencer 2026 Planner, Hardcover Calendar Planner Weekly and Monthly, January 2026 - December 2026, 8.5" x 11", Spiral Agenda Book with Tabs, Exquisite Daily Journal with Inner Pocket, Organizer Notebook for Office Home School, A4 Size, Green</p><p> -41% 0FF </p><p>$9.99</p><a href="https://www.amazon.com/dp/B0D2VW43KP?tag=eloabder-20&linkCode=osi&th=1&psc=1">View Product</a></div>
<div class="product"><a href="https://www.amazon.com/dp/B0DYBYRY3R?tag=eloabder-20&linkCode=osi&th=1&psc=1"><img src="https://m.media-amazon.com/images/I/41oxPcKnCuL._SL500_.jpg" alt="Product Image"></a><p>AT-A-GLANCE 2026 Desk Calendar, Monthly, Desk Pad, 21-3/4" x 17", Large, Ruled Blocks (SK240026)</p><p> -19% 0FF </p><p>$11.89</p><a href="https://www.amazon.com/dp/B0DYBYRY3R?tag=eloabder-20&linkCode=osi&th=1&psc=1">View Product</a></div><div class="product"><a href="https://www.amazon.com/dp/B0DXQ416QR?tag=eloabder-20&linkCode=osi&th=1&psc=1"><img src="https://m.media-amazon.com/images/I/41o3YUjfIVL._SL500_.jpg" alt="Product Image"></a><p>Aesthetic 2025-2026 Wall Calendar - Runs from May 2025 Until December 2026 - The Perfect Modern Calendar Planner for Easy Organizing</p><p> -43% 0FF </p><p>$3.99</p><a href="https://www.amazon.com/dp/B0DXQ416QR?tag=eloabder-20&linkCode=osi&th=1&psc=1">View Product</a></div><div class="product"><a href="https://www.amazon.com/dp/B0CCRXKSK8?tag=eloabder-20&linkCode=osi&th=1&psc=1"><img src="https://m.media-amazon.com/images/I/51eOdkimr+L._SL500_.jpg" alt="Product Image"></a><p>SUNEE Wall Calendar 2025-2026 Large 22.75"x15.5", 21 Month Calendar from October 2025 to June 2027, Vertical Extra Large Monthly Calendar 2026 for Wall, Seasons Color</p><p> -24% 0FF </p><p>$15.19</p><a href="https://www.amazon.com/dp/B0CCRXKSK8?tag=eloabder-20&linkCode=osi&th=1&psc=1">View Product</a></div><div class="product"><a href="https://www.amazon.com/dp/B0F7HZ7C9G?tag=eloabder-20&linkCode=osi&th=1&psc=1"><img src="https://m.media-amazon.com/images/I/41rkKO18HGL._SL500_.jpg" alt="Product Image"></a><p>Beautiful 2025-2026 Wall Calendar - Runs from July 2025 until December 2026 – Large 14.5" x 11.5" Office Wall Calendar for Easy Organizing</p><p> -10% 0FF </p><p>$8.99</p><a href="https://www.amazon.com/dp/B0F7HZ7C9G?tag=eloabder-20&linkCode=osi&th=1&psc=1">View Product</a></div><div class="product"><a href="https://www.amazon.com/dp/B0DYDC7ZLV?tag=eloabder-20&linkCode=osi&th=1&psc=1"><img src="https://m.media-amazon.com/images/I/51MOLWJ45HL._SL500_.jpg" alt="Product Image"></a><p>XISIDO 2025-2026 Wall Calendar, Calendar 2025-2026, 18 Month Calendar July 2025 - December 2026, 14.8" X 11.5", Calendar with Twin-Wire Binding, Hanging Hook and Julian Dates (Seasonal Designs)</p><p> -20% 0FF </p><p>$7.99</p><a href="https://www.amazon.com/dp/B0DYDC7ZLV?tag=eloabder-20&linkCode=osi&th=1&psc=1">View Product</a></div><div class="product"><a href="https://www.amazon.com/dp/B0D2KCVBBD?tag=eloabder-20&linkCode=osi&th=1&psc=1"><img src="https://m.media-amazon.com/images/I/51Eg-3ZKZxL._SL500_.jpg" alt="Product Image"></a><p>XISIDO Calendar 2025-2026, 18 Months Wall Calendar July 2025 to Dec 2026 Calendar with Julian Dates, 11" X 8.5" (Colorful)</p><p> -33% 0FF </p><p>$3.99</p><a href="https://www.amazon.com/dp/B0D2KCVBBD?tag=eloabder-20&linkCode=osi&th=1&psc=1">View Product</a></div><div class="product"><a href="https://www.amazon.com/dp/B0DY7R9226?tag=eloabder-20&linkCode=osi&th=1&psc=1"><img src="https://m.media-amazon.com/images/I/41eTUjCfzFL._SL500_.jpg" alt="Product Image"></a><p>Lbylyhxc Wall Calendar 2025-2026 - Runs from July 2025 to December 2026-18 Monthly Calendar 2026. Thick Paper includes major holidays and dedicated space for notes and important dates (Colorful Calendar 2025-2026)</p><p> -50% 0FF </p><p>$2.49</p><a href="https://www.amazon.com/dp/B0DY7R9226?tag=eloabder-20&linkCode=osi&th=1&psc=1">View Product</a></div>
<div class="product"><a href="https://www.amazon.com/dp/B00NI5LVAW?tag=eloabder-20&linkCode=osi&th=1&psc=1"><img src="https://m.media-amazon.com/images/I/31X0RgqQ1ML._SL500_.jpg" alt="Product Image"></a><p>Pendaflex File Folders, Letter Size, 1/3 Cut, Manila, 250 per Box (752250)</p><p> -11% 0FF </p><p>$26.50</p><a href="https://www.amazon.com/dp/B00NI5LVAW?tag=eloabder-20&linkCode=osi&th=1&psc=1">View Product</a></div><div class="product"><a href="https://www.amazon.com/dp/B0D1YBFHS8?tag=eloabder-20&linkCode=osi&th=1&psc=1"><img src="https://m.media-amazon.com/images/I/41qkHxiS+vL._SL500_.jpg" alt="Product Image"></a><p>SUNEE File Folders, 30 Pack Manilla Folders 8.5 x 11, Colored File Folders Home Office School Supplies for Documents Files Paper, 6 Assorted Colors</p><p> -26% 0FF </p><p>$9.99</p><a href="https://www.amazon.com/dp/B0D1YBFHS8?tag=eloabder-20&linkCode=osi&th=1&psc=1">View Product</a></div><div class="product"><a href="https://www.amazon.com/dp/B000DZ9XGO?tag=eloabder-20&linkCode=osi&th=1&psc=1"><img src="https://m.media-amazon.com/images/I/31WKzTB-4WL._SL500_.jpg" alt="Product Image"></a><p>Oxford Two-Pocket Folders, Assorted Colors, Letter Size, 25 per box (57513)</p><p> -32% 0FF </p><p>$12.23</p><a href="https://www.amazon.com/dp/B000DZ9XGO?tag=eloabder-20&linkCode=osi&th=1&psc=1">View Product</a></div><div class="product"><a href="https://www.amazon.com/dp/B0F8H75MLS?tag=eloabder-20&linkCode=osi&th=1&psc=1"><img src="https://m.media-amazon.com/images/I/41GV18+8+zL._SL500_.jpg" alt="Product Image"></a><p>Plastic Folders with Pockets, 6 Pack Document Folders with Business Card Slot, 2 Pocket Folders Back to School Supplies for Kids, Office</p><p> -33% 0FF </p><p>$5.99</p><a href="https://www.amazon.com/dp/B0F8H75MLS?tag=eloabder-20&linkCode=osi&th=1&psc=1">View Product</a></div><div class="product"><a href="https://www.amazon.com/dp/B0CPDTKFVF?tag=eloabder-20&linkCode=osi&th=1&psc=1"><img src="https://m.media-amazon.com/images/I/41PQ8ToLyhL._SL500_.jpg" alt="Product Image"></a><p>Aegero Plastic Folders with Pockets (7 Pack, Assorted Colors), Durable Heavy Duty File Folders with Business Card Slot, 2-Pocket Folder for Schoolwork & Office,Letter Size…</p><p> -11% 0FF </p><p>$7.99</p><a href="https://www.amazon.com/dp/B0CPDTKFVF?tag=eloabder-20&linkCode=osi&th=1&psc=1">View Product</a></div>
<div class="product"><a href="https://www.amazon.com/dp/B0CSPT4RFH?tag=eloabder-20&linkCode=osi&th=1&psc=1"><img src="https://m.media-amazon.com/images/I/31O8kdFg7FL._SL500_.jpg" alt="Product Image"></a><p>Two Tone Color File Folders 8.5 x 11 Inch, 1/3 Cut Tab File Folders Letter Size, Assorted Colors, Blue Red Green Yellow Orange Manila File Folders, School Business Office Folders for Document -15 Pack</p><p> -13% 0FF </p><p>$6.99</p><a href="https://www.amazon.com/dp/B0CSPT4RFH?tag=eloabder-20&linkCode=osi&th=1&psc=1">View Product</a></div><div class="product"><a href="https://www.amazon.com/dp/B01MXC0YS5?tag=eloabder-20&linkCode=osi&th=1&psc=1"><img src="https://m.media-amazon.com/images/I/41YLerNwKTL._SL500_.jpg" alt="Product Image"></a><p>Pendaflex Hanging File Folders, Letter Size, Assorted Colors, 1/5-Cut Adjustable Tabs, 25 Per Box (81663)</p><p> -7% 0FF </p><p>$13.99</p><a href="https://www.amazon.com/dp/B01MXC0YS5?tag=eloabder-20&linkCode=osi&th=1&psc=1">View Product</a></div><div class="product"><a href="https://www.amazon.com/dp/B0896Q5MMC?tag=eloabder-20&linkCode=osi&th=1&psc=1"><img src="https://m.media-amazon.com/images/I/41jDOLSqtWL._SL500_.jpg" alt="Product Image"></a><p>Pendaflex Two Tone Color File Folders, Letter Size, Assorted Colors (Teal, Violet, Gray, Navy and Burgundy), 1/3-Cut Tabs, 5 Color, 100/Box, (02315)</p><p> -27% 0FF </p><p>$13.89</p><a href="https://www.amazon.com/dp/B0896Q5MMC?tag=eloabder-20&linkCode=osi&th=1&psc=1">View Product</a></div><div class="product"><a href="https://www.amazon.com/dp/B0D1YCC6KK?tag=eloabder-20&linkCode=osi&th=1&psc=1"><img src="https://m.media-amazon.com/images/I/31aHHvZVc+L._SL500_.jpg" alt="Product Image"></a><p>SUNEE File Folders, 30 Pack Manilla Folders 8.5 x 11, Colored File Folders Home Office School Supplies for Documents Files Paper,6 Pastel Colors</p><p> -26% 0FF </p><p>$9.99</p><a href="https://www.amazon.com/dp/B0D1YCC6KK?tag=eloabder-20&linkCode=osi&th=1&psc=1">View Product</a></div>
<div class="product"><a href="https://www.amazon.com/dp/B0FGXLHFDD?tag=eloabder-20&linkCode=osi&th=1&psc=1"><img src="https://m.media-amazon.com/images/I/414ng1TKsOL._SL500_.jpg" alt="Product Image"></a><p>Trandraft Plastic Extra Capacity Hanging File Folders, 5 Inch Expanding Pocket with Movable Dividers, Letter Size Black File Folders with Insertable Tabs for Filing Cabine</p><p> -5% 0FF </p><p>$18.99</p><a href="https://www.amazon.com/dp/B0FGXLHFDD?tag=eloabder-20&linkCode=osi&th=1&psc=1">View Product</a></div><div class="product"><a href="https://www.amazon.com/dp/B08QTW4GJT?tag=eloabder-20&linkCode=osi&th=1&psc=1"><img src="https://m.media-amazon.com/images/I/41OVgNttdnL._SL500_.jpg" alt="Product Image"></a><p>Pendaflex Reinforced Hanging Folders, Letter Size, Assorted Colors 1/5 Cut, Tabs and Inserts, 25 Per Box (41522AMZ)</p><p> -32% 0FF </p><p>$13.99</p><a href="https://www.amazon.com/dp/B08QTW4GJT?tag=eloabder-20&linkCode=osi&th=1&psc=1">View Product</a></div><div class="product"><a href="https://www.amazon.com/dp/B07Y67ZCJS?tag=eloabder-20&linkCode=osi&th=1&psc=1"><img src="https://m.media-amazon.com/images/I/51g37Wkw2CL._SL500_.jpg" alt="Product Image"></a><p>EASEPRES 5 Pocket Mesh Hanging Wall File Organizer, Wall Mounted Mail Paper Document Folder Holder, Clipboard Storage Organization Magazine Rack with Nametag Label for Office Home School, Black</p><p> -30% 0FF </p><p>$22.99</p><a href="https://www.amazon.com/dp/B07Y67ZCJS?tag=eloabder-20&linkCode=osi&th=1&psc=1">View Product</a></div><div class="product"><a href="https://www.amazon.com/dp/B0CGWNNBCV?tag=eloabder-20&linkCode=osi&th=1&psc=1"><img src="https://m.media-amazon.com/images/I/31SGzCfPDcL._SL500_.jpg" alt="Product Image"></a><p>SUNEE 25 Count Hanging File Folders, Pastel Colors, Hanging File Folders Letter Size, Hanging Folders with 1/5-cut Tabs, Designed for Bulky Files, Filing Cabinets, Medical Charts</p><p> -15% 0FF </p><p>$16.99</p><a href="https://www.amazon.com/dp/B0CGWNNBCV?tag=eloabder-20&linkCode=osi&th=1&psc=1">View Product</a></div><div class="product"><a href="https://www.amazon.com/dp/B00006IF4G?tag=eloabder-20&linkCode=osi&th=1&psc=1"><img src="https://m.media-amazon.com/images/I/31LuYqWSObL._SL500_.jpg" alt="Product Image"></a><p>Smead Standard Hanging File Folders, 25 Count, Assorted Primaries, 1/5-Cut Adjustable Tabs, Letter Size (64059)</p><p> -7% 0FF </p><p>$13.55</p><a href="https://www.amazon.com/dp/B00006IF4G?tag=eloabder-20&linkCode=osi&th=1&psc=1">View Product</a></div>
<div class="product"><a href="https://www.amazon.com/dp/B0C77GP9XB?tag=eloabder-20&linkCode=osi&th=1&psc=1"><img src="https://m.media-amazon.com/images/I/415Jszg3LKL._SL500_.jpg" alt="Product Image"></a><p>SKYDUE Expanding File Organizer with 8 Pockets, Accordion File Folders with Labels, Portable Document Paper Bill Receipt Organizer, Home College School Office Supplies, Letter Size, Blue</p><p> -13% 0FF </p><p>$6.98</p><a href="https://www.amazon.com/dp/B0C77GP9XB?tag=eloabder-20&linkCode=osi&th=1&psc=1">View Product</a></div><div class="product"><a href="https://www.amazon.com/dp/B0013CETUQ?tag=eloabder-20&linkCode=osi&th=1&psc=1"><img src="https://m.media-amazon.com/images/I/51GxTzd4XbL._SL500_.jpg" alt="Product Image"></a><p>Pendaflex R217DHD Heavy-Duty Expanding Open Top File, 31 Pockets, 1/3 Tab, Letter, Brown</p><p> -36% 0FF </p><p>$15.90</p><a href="https://www.amazon.com/dp/B0013CETUQ?tag=eloabder-20&linkCode=osi&th=1&psc=1">View Product</a></div><div class="product"><a href="https://www.amazon.com/dp/B000UHJCZC?tag=eloabder-20&linkCode=osi&th=1&psc=1"><img src="https://m.media-amazon.com/images/I/31bbG1gUU2L._SL500_.jpg" alt="Product Image"></a><p>Pendaflex Expanding File Pockets, Letter Size, Redrope, 3.5" Expansion, Reinforced with DuPont™ Tyvek® Material, Redrope, 25 per Box (1524E-OX)</p><p> -9% 0FF </p><p>$27.37</p><a href="https://www.amazon.com/dp/B000UHJCZC?tag=eloabder-20&linkCode=osi&th=1&psc=1">View Product</a></div><div class="product"><a href="https://www.amazon.com/dp/B000FD9YHM?tag=eloabder-20&linkCode=osi&th=1&psc=1"><img src="https://m.media-amazon.com/images/I/511Yz6zbRaL._SL500_.jpg" alt="Product Image"></a><p>Pendaflex Heavy Duty Expanding File with Extra-Thick Cover, Tyvek Reinforced Edges, 21 Pockets, A–Z Tabs, Elastic Cord Closure, Letter Size (R117ALHD),Brown</p><p> -14% 0FF </p><p>$14.99</p><a href="https://www.amazon.com/dp/B000FD9YHM?tag=eloabder-20&linkCode=osi&th=1&psc=1">View Product</a></div>
<div class="product"><a href="https://www.amazon.com/dp/B07GKPZDG4?tag=eloabder-20&linkCode=osi&th=1&psc=1"><img src="https://m.media-amazon.com/images/I/51sUuF8kU-L._SL500_.jpg" alt="Product Image"></a><p>Cardinal Economy 3 Ring Binder, 1.5 Inch, Presentation View, Black, Holds 350 Sheets, Nonstick, PVC Free, 4 Pack of Binders (79519)</p><p> -42% 0FF </p><p>$9.19</p><a href="https://www.amazon.com/dp/B07GKPZDG4?tag=eloabder-20&linkCode=osi&th=1&psc=1">View Product</a></div><div class="product"><a href="https://www.amazon.com/dp/B0BF57LL4V?tag=eloabder-20&linkCode=osi&th=1&psc=1"><img src="https://m.media-amazon.com/images/I/317fBolZ+4L._SL500_.jpg" alt="Product Image"></a><p>1-inch 3 Ring Binder with 2 Interior Pockets, 1'' Basic Binders Holds US Letter Size 8.5'' x 11'' Paper - Versatile Binders for Office, Home, and School Use, 6 Pack (White)</p><p> -15% 0FF </p><p>$24.64</p><a href="https://www.amazon.com/dp/B0BF57LL4V?tag=eloabder-20&linkCode=osi&th=1&psc=1">View Product</a></div><div class="product"><a href="https://www.amazon.com/dp/B0BXKQ7YTW?tag=eloabder-20&linkCode=osi&th=1&psc=1"><img src="https://m.media-amazon.com/images/I/416TyBdEZYL._SL500_.jpg" alt="Product Image"></a><p>SUNEE 3 Ring Binder 1 Inch 4 Pack, Clear View 1" Binders Three Ring PVC-Free (Fit 8.5x11 Inches) for School or Office Supplies, Assorted Pastel</p><p> -17% 0FF </p><p>$14.85</p><a href="https://www.amazon.com/dp/B0BXKQ7YTW?tag=eloabder-20&linkCode=osi&th=1&psc=1">View Product</a></div><div class="product"><a href="https://www.amazon.com/dp/B0D2ZF8FHZ?tag=eloabder-20&linkCode=osi&th=1&psc=1"><img src="https://m.media-amazon.com/images/I/31smaJgK7vL._SL500_.jpg" alt="Product Image"></a><p>BinderX Extra Durable 3 Ring Binder, Round Rings 1 Inch Binder, Fits 175 Sheets of 8.5x11 Paper, Customizable View Cover with Inside Pockets, Cute 1" Binders, 1 Inch Binders 3 Ring, Pink</p><p> -36% 0FF </p><p>$8.99</p><a href="https://www.amazon.com/dp/B0D2ZF8FHZ?tag=eloabder-20&linkCode=osi&th=1&psc=1">View Product</a></div><div class="product"><a href="https://www.amazon.com/dp/B001B0GJDU?tag=eloabder-20&linkCode=osi&th=1&psc=1"><img src="https://m.media-amazon.com/images/I/41vpkaYBqsL._SL500_.jpg" alt="Product Image"></a><p>Avery Heavy-Duty View 3 Ring Binder, 1" One Touch Slant Rings, Holds 8.5" x 11" Paper, 1 Black Binder (05300)</p><p> -46% 0FF </p><p>$5.89</p><a href="https://www.amazon.com/dp/B001B0GJDU?tag=eloabder-20&linkCode=osi&th=1&psc=1">View Product</a></div>
<div class="product"><a href="https://www.amazon.com/dp/B092CM3KVX?tag=eloabder-20&linkCode=osi&th=1&psc=1"><img src="https://m.media-amazon.com/images/I/51kltWaLgmL._SL500_.jpg" alt="Product Image"></a><p>Avery Write & Erase Dividers for 3 Ring Binders, 8 Tabs per Set, Multicolor Big Tabs, Pastels, Binder Dividers Great for Organizing Reports, Projects, and More (16271)</p><p> -31% 0FF </p><p>$3.90</p><a href="https://www.amazon.com/dp/B092CM3KVX?tag=eloabder-20&linkCode=osi&th=1&psc=1">View Product</a></div><div class="product"><a href="https://www.amazon.com/dp/B08WBYPVGJ?tag=eloabder-20&linkCode=osi&th=1&psc=1"><img src="https://m.media-amazon.com/images/I/31NPQ52TfAL._SL500_.jpg" alt="Product Image"></a><p>Oxford Blank Write On Binder Dividers, 1/5 Cut Tabs, 3 Hole Punch Dividers in 5 Tab Sets, 100 Dividers, 20 Sets, White (89981)</p><p> -5% 0FF </p><p>$15.19</p><a href="https://www.amazon.com/dp/B08WBYPVGJ?tag=eloabder-20&linkCode=osi&th=1&psc=1">View Product</a></div><div class="product"><a href="https://www.amazon.com/dp/B0CZL39ZHS?tag=eloabder-20&linkCode=osi&th=1&psc=1"><img src="https://m.media-amazon.com/images/I/41APO6LBeCL._SL500_.jpg" alt="Product Image"></a><p>Forvencer 8 Count Dividers with Two Pockets, 8 tabs Binder Dividers for 3 Ring Binder Organizer, Multicolor, 1 Set</p><p> -25% 0FF </p><p>$5.99</p><a href="https://www.amazon.com/dp/B0CZL39ZHS?tag=eloabder-20&linkCode=osi&th=1&psc=1">View Product</a></div><div class="product"><a href="https://www.amazon.com/dp/B01FKMCNL6?tag=eloabder-20&linkCode=osi&th=1&psc=1"><img src="https://m.media-amazon.com/images/I/510vgT9G85L._SL500_.jpg" alt="Product Image"></a><p>Avery Binder Dividers - 5-Tab Insertable Multicolor Big Tabs for Binders, 6 Sets of Dividers (11109)</p><p> -11% 0FF </p><p>$5.78</p><a href="https://www.amazon.com/dp/B01FKMCNL6?tag=eloabder-20&linkCode=osi&th=1&psc=1">View Product</a></div><div class="product"><a href="https://www.amazon.com/dp/B0CQ4YNHX8?tag=eloabder-20&linkCode=osi&th=1&psc=1"><img src="https://m.media-amazon.com/images/I/315hb+NtGGL._SL500_.jpg" alt="Product Image"></a><p>Binder Dividers for 3 Ring Binder, 1/5 Cut Tabs, Letter Size, Blank Write On Page Dividers with 5 Big Tabs for School Office Home, 4 Sets, 20 Dividers, White</p><p> -14% 0FF </p><p>$5.98</p><a href="https://www.amazon.com/dp/B0CQ4YNHX8?tag=eloabder-20&linkCode=osi&th=1&psc=1">View Product</a></div><div class="product"><a href="https://www.amazon.com/dp/B01HC4KIVW?tag=eloabder-20&linkCode=osi&th=1&psc=1"><img src="https://m.media-amazon.com/images/I/412g1OcKv-L._SL500_.jpg" alt="Product Image"></a><p>Avery Big Tab Write & Erase Durable Plastic Dividers for 3 Ring Binders, 8-Tab Set, Bright Multicolor, 1 Set (16130)</p><p> -23% 0FF </p><p>$4.33</p><a href="https://www.amazon.com/dp/B01HC4KIVW?tag=eloabder-20&linkCode=osi&th=1&psc=1">View Product</a></div><div class="product"><a href="https://www.amazon.com/dp/B0000AQOB0?tag=eloabder-20&linkCode=osi&th=1&psc=1"><img src="https://m.media-amazon.com/images/I/51ek4ZNke4L._SL500_.jpg" alt="Product Image"></a><p>Avery 12 Tab Dividers for 3 Ring Binders, Customizable Table of Contents, Multicolor Tabs, 6 Sets (11196)</p><p> -36% 0FF </p><p>$17.99</p><a href="https://www.amazon.com/dp/B0000AQOB0?tag=eloabder-20&linkCode=osi&th=1&psc=1">View Product</a></div>
<div class="product"><a href="https://www.amazon.com/dp/B07R795LTM?tag=eloabder-20&linkCode=osi&th=1&psc=1"><img src="https://m.media-amazon.com/images/I/31OAmU6E5kL._SL500_.jpg" alt="Product Image"></a><p>Amazon Basics Polypropylene (PP) Sheet Protector, Non-Glare, 200 Pack, Clear</p><p> -13% 0FF </p><p>$10.40</p><a href="https://www.amazon.com/dp/B07R795LTM?tag=eloabder-20&linkCode=osi&th=1&psc=1">View Product</a></div><div class="product"><a href="https://www.amazon.com/dp/B0D62ZBV24?tag=eloabder-20&linkCode=osi&th=1&psc=1"><img src="https://m.media-amazon.com/images/I/41n9XbYoyhL._SL500_.jpg" alt="Product Image"></a><p>Aegero 65 Pack Clear Sheet Protectors, 8.5 x 11 inch Page Protectors for 3 Ring Binder,Top Loading Paper Protector for Documents and Photos,Letter Size</p><p> -20% 0FF </p><p>$3.99</p><a href="https://www.amazon.com/dp/B0D62ZBV24?tag=eloabder-20&linkCode=osi&th=1&psc=1">View Product</a></div><div class="product"><a href="https://www.amazon.com/dp/B08CMG5MCB?tag=eloabder-20&linkCode=osi&th=1&psc=1"><img src="https://m.media-amazon.com/images/I/410BZVBSLLL._SL500_.jpg" alt="Product Image"></a><p>Sheet Protectors, PANDRI 500 Pack Clear Heavy Duty Plastic Page Protectors Sheet Reinforced 11-Hole Fit for 3 Ring Binder Fits Standard 8.5 x 11 Paper, 9.25 x 11.25 Top Loaded, Excluding Acid</p><p> -15% 0FF </p><p>$22.94</p><a href="https://www.amazon.com/dp/B08CMG5MCB?tag=eloabder-20&linkCode=osi&th=1&psc=1">View Product</a></div><div class="product"><a href="https://www.amazon.com/dp/B0DZ6J73VW?tag=eloabder-20&linkCode=osi&th=1&psc=1"><img src="https://m.media-amazon.com/images/I/41NNzcs8bsL._SL500_.jpg" alt="Product Image"></a><p>TUOKCALB 50 Pack Clear Sheet Protectors for 3 Ring Binder, Polypropylene Acid-Free Material, 8.5 x 11 Inch Letter Size, Protector of Your Documents</p><p> -18% 0FF </p><p>$3.29</p><a href="https://www.amazon.com/dp/B0DZ6J73VW?tag=eloabder-20&linkCode=osi&th=1&psc=1">View Product</a></div><div class="product"><a href="https://www.amazon.com/dp/B0D294F9GZ?tag=eloabder-20&linkCode=osi&th=1&psc=1"><img src="https://m.media-amazon.com/images/I/41szN7I4ozL._SL500_.jpg" alt="Product Image"></a><p>Sheet Protectors 8.5 x11 Inch, 100 Pack Page Protectors for 3 Ring Binder, Top Loading Plastic Sleeves with Reinforced 3-Hole Punch for Binders, Letter Size, for Documents and Photos, Office Supplies.</p><p> -23% 0FF </p><p>$9.99</p><a href="https://www.amazon.com/dp/B0D294F9GZ?tag=eloabder-20&linkCode=osi&th=1&psc=1">View Product</a></div><div class="product"><a href="https://www.amazon.com/dp/B0D59XF4D3?tag=eloabder-20&linkCode=osi&th=1&psc=1"><img src="https://m.media-amazon.com/images/I/41EpBhN87iL._SL500_.jpg" alt="Product Image"></a><p>DOSEWART 70Pack Sheet Protectors, Clear Heavy Duty Plastic Page Protectors for 3 Ring Binder, Top Loading Sheet Protectors 8.5 x 11” for Photo, Paper, Document Protector</p><p> -43% 0FF </p><p>$3.99</p><a href="https://www.amazon.com/dp/B0D59XF4D3?tag=eloabder-20&linkCode=osi&th=1&psc=1">View Product</a></div>
<div class="product"><a href="https://www.amazon.com/dp/B000T9MP5U?tag=eloabder-20&linkCode=osi&th=1&psc=1"><img src="https://m.media-amazon.com/images/I/41zOycTbMML._SL500_.jpg" alt="Product Image"></a><p>Mead #10 Security Business Envelopes Letter Size 4-1/8" x 9-1/2" – Peel and Seal, Privacy Lined, No-Window, Press-It Seal-It Self-Adhesive for Home & Office Mailing, 45 Count (75026)</p><p> -13% 0FF </p><p>$3.57</p><a href="https://www.amazon.com/dp/B000T9MP5U?tag=eloabder-20&linkCode=osi&th=1&psc=1">View Product</a></div><div class="product"><a href="https://www.amazon.com/dp/B06VVLD2GL?tag=eloabder-20&linkCode=osi&th=1&psc=1"><img src="https://m.media-amazon.com/images/I/11zBoWnx9uL._SL500_.jpg" alt="Product Image"></a><p>Amazon Basics 10 Security-Tinted Self-Seal Business Letter Envelopes, Peel & Seal Adhesive Closure, White, 500-Pack</p><p> -5% 0FF </p><p>$18.04</p><a href="https://www.amazon.com/dp/B06VVLD2GL?tag=eloabder-20&linkCode=osi&th=1&psc=1">View Product</a></div><div class="product"><a href="https://www.amazon.com/dp/B07FMDV5LR?tag=eloabder-20&linkCode=osi&th=1&psc=1"><img src="https://m.media-amazon.com/images/I/41jTu3FDgaL._SL500_.jpg" alt="Product Image"></a><p>Quality Park #6 3/4 Self-Seal Security Envelopes, Security Tint and Pattern, Redi-Strip Closure, 24-lb White Wove, 3-5/8 x 6-1/2, 100/Box (QUA10417)</p><p> -23% 0FF </p><p>$4.99</p><a href="https://www.amazon.com/dp/B07FMDV5LR?tag=eloabder-20&linkCode=osi&th=1&psc=1">View Product</a></div>
<div class="product"><a href="https://www.amazon.com/dp/B00004Z5SM?tag=eloabder-20&linkCode=osi&th=1&psc=1"><img src="https://m.media-amazon.com/images/I/41LHX+FB2PL._SL500_.jpg" alt="Product Image"></a><p>Avery Easy Peel Printable Address Labels with Sure Feed, 1" x 2-5/8" Customizable Stickers, White, 750 Blank Mailing Labels, Great for Mailing, Shipping, and More (8160)</p><p> -48% 0FF </p><p>$8.99</p><a href="https://www.amazon.com/dp/B00004Z5SM?tag=eloabder-20&linkCode=osi&th=1&psc=1">View Product</a></div><div class="product"><a href="https://www.amazon.com/dp/B089LHX8Q6?tag=eloabder-20&linkCode=osi&th=1&psc=1"><img src="https://m.media-amazon.com/images/I/41+HcHENwbL._SL500_.jpg" alt="Product Image"></a><p>KKBESTPACK Half Sheet Shipping Labels for Laser and Inkjet Printers – 2 Per Page Self Adhesive Mailing Labels – White 8.5 x 5.5 (200 Labels) (2LP)</p><p> -10% 0FF </p><p>$9.86</p><a href="https://www.amazon.com/dp/B089LHX8Q6?tag=eloabder-20&linkCode=osi&th=1&psc=1">View Product</a></div><div class="product"><a href="https://www.amazon.com/dp/B001SN8ITI?tag=eloabder-20&linkCode=osi&th=1&psc=1"><img src="https://m.media-amazon.com/images/I/51vJip236KL._SL500_.jpg" alt="Product Image"></a><p>Avery Easy Peel Printable Address Labels with Sure Feed, 1" x 2-5/8" Customizable Stickers, White, 300 Blank Mailing Labels, Great for Mailing, Shipping, and More (18160)</p><p> -38% 0FF </p><p>$5.54</p><a href="https://www.amazon.com/dp/B001SN8ITI?tag=eloabder-20&linkCode=osi&th=1&psc=1">View Product</a></div><div class="product"><a href="https://www.amazon.com/dp/B0C2P8YTW2?tag=eloabder-20&linkCode=osi&th=1&psc=1"><img src="https://m.media-amazon.com/images/I/51EeHFqmTKL._SL500_.jpg" alt="Product Image"></a><p>FungLam 1" x 2-5/8" Shipping Address Labels 900 Label Stickers Paper for Laser/Inkjet Printer 30 per Page Printable Mailing Labels (30 Sheets, 900 Labels)</p><p> -25% 0FF </p><p>$5.99</p><a href="https://www.amazon.com/dp/B0C2P8YTW2?tag=eloabder-20&linkCode=osi&th=1&psc=1">View Product</a></div>
<div class="product"><a href="https://www.amazon.com/dp/B07X41JJXB?tag=eloabder-20&linkCode=osi&th=1&psc=1"><img src="https://m.media-amazon.com/images/I/31V4rpfdGtL._SL500_.jpg" alt="Product Image"></a><p>KKBESTPACK 100 Large Poly Mailers 10x13 Shipping Bags for Small Business – Self Sealing Package Envelopes (10 x 13 Pack of 100, Black)</p><p> -10% 0FF </p><p>$8.94 ($0.09 / Count)</p><a href="https://www.amazon.com/dp/B07X41JJXB?tag=eloabder-20&linkCode=osi&th=1&psc=1">View Product</a></div><div class="product"><a href="https://www.amazon.com/dp/B08C9T3997?tag=eloabder-20&linkCode=osi&th=1&psc=1"><img src="https://m.media-amazon.com/images/I/41CMEDIsQEL._SL500_.jpg" alt="Product Image"></a><p>Anylabel 2" x 3" Fragile Stickers for Shipping and Moving Please Handle with Care Fragile Thank You Do Not Drop, Warning Stickers Fragile Labels, Permanent Adhesive(500 Labels, 1 Roll)</p><p> -33% 0FF </p><p>$5.99</p><a href="https://www.amazon.com/dp/B08C9T3997?tag=eloabder-20&linkCode=osi&th=1&psc=1">View Product</a></div>

<div class="product"><a href="https://www.amazon.com/dp/B07S1JPBL3?tag=eloabder-20&linkCode=osi&th=1&psc=1"><img src="https://m.media-amazon.com/images/I/31f-QQIYroL._SL500_.jpg" alt="Product Image"></a><p>Amazon Basics Bubble Cushioning Wrap Packing Material for Fragile Items, Perforated, 12 inch x 175 ft Long Roll, Small 3/16", Clear</p><p> -6% 0FF </p><p>$21.99</p><a href="https://www.amazon.com/dp/B07S1JPBL3?tag=eloabder-20&linkCode=osi&th=1&psc=1">View Product</a></div><div class="product"><a href="https://www.amazon.com/dp/B0829D1D7V?tag=eloabder-20&linkCode=osi&th=1&psc=1"><img src="https://m.media-amazon.com/images/I/41azI2zaEYL._SL500_.jpg" alt="Product Image"></a><p>Bubble Cushioning Wrap Rolls, 3/16" x 12" x 72' ft Total [2 Rolls of 36 Feet] Perforated Every 12", 20 Fragile Stickers for Packaging, Shipping, Mailing</p><p> -14% 0FF </p><p>$18.99 ($9.50 / Count)</p><a href="https://www.amazon.com/dp/B0829D1D7V?tag=eloabder-20&linkCode=osi&th=1&psc=1">View Product</a></div><div class="product"><a href="https://www.amazon.com/dp/B011TB3UF0?tag=eloabder-20&linkCode=osi&th=1&psc=1"><img src="https://m.media-amazon.com/images/I/413RZYGr8kL._SL500_.jpg" alt="Product Image"></a><p>Duck Brand Bubble Wrap Original Protective Packaging, 12 Inches Wide x 30-Feet Long, Single Roll (393251), Clear</p><p> -26% 0FF </p><p>$8.85 ($0.30 / Sq Ft)</p><a href="https://www.amazon.com/dp/B011TB3UF0?tag=eloabder-20&linkCode=osi&th=1&psc=1">View Product</a></div>
<div class="product"><a href="https://www.amazon.com/dp/B016CV811U?tag=eloabder-20&linkCode=osi&th=1&psc=1"><img src="https://m.media-amazon.com/images/I/21hieSulLcL._SL500_.jpg" alt="Product Image"></a><p>MFLABEL Half Sheet Shipping Labels - 200 Self Adhesive Sticker Sheets for Laser & Inkjet Printers, Waterproof & Smudge-Free, with 12 Free Fragile Labels for Packaging, Shipping and Crafting</p><p> -5% 0FF </p><p>$9.49</p><a href="https://www.amazon.com/dp/B016CV811U?tag=eloabder-20&linkCode=osi&th=1&psc=1">View Product</a></div><div class="product"><a href="https://www.amazon.com/dp/B000093IJY?tag=eloabder-20&linkCode=osi&th=1&psc=1"><img src="https://m.media-amazon.com/images/I/51QdWTqr3AL._SL500_.jpg" alt="Product Image"></a><p>Avery Printable Shipping Labels with Sure Feed, 3-1/3" x 4", White, 150 Blank Mailing Labels (5264)</p><p> -20% 0FF </p><p>$13.62</p><a href="https://www.amazon.com/dp/B000093IJY?tag=eloabder-20&linkCode=osi&th=1&psc=1">View Product</a></div>

<div class="product"><a href="https://www.amazon.com/dp/B0033J6V3A?tag=eloabder-20&linkCode=osi&th=1&psc=1"><img src="https://m.media-amazon.com/images/I/21o5ASbichL._SL500_.jpg" alt="Product Image"></a><p>NuSparc 2 Drawer Locking Filing Cabinet | Pre-Assembled Steel Construction | Space-Saving Design is Perfect for Home and Small Office | Letter-Size | Assembled in North America</p><p> -14% 0FF </p><p>$76.99</p><a href="https://www.amazon.com/dp/B0033J6V3A?tag=eloabder-20&linkCode=osi&th=1&psc=1">View Product</a></div><div class="product"><a href="https://www.amazon.com/dp/B0D9XYD75W?tag=eloabder-20&linkCode=osi&th=1&psc=1"><img src="https://m.media-amazon.com/images/I/31VM3xK++PL._SL500_.jpg" alt="Product Image"></a><p>BYNSOE 2 Drawer File Cabinet with Lock Vertical Filing Storage Cabinet Office Home Steel Vertical File Cabinets for Letter Size File Cabinet Locked,Assembly Required</p><p> -8% 0FF </p><p>$54.99</p><a href="https://www.amazon.com/dp/B0D9XYD75W?tag=eloabder-20&linkCode=osi&th=1&psc=1">View Product</a></div><div class="product"><a href="https://www.amazon.com/dp/B0989HLF81?tag=eloabder-20&linkCode=osi&th=1&psc=1"><img src="https://m.media-amazon.com/images/I/51vzgnkbcjL._SL500_.jpg" alt="Product Image"></a><p>DEVAISE 3 Drawer Mobile File Cabinet, Wood Lateral Filing Cabinet, Printer Stand with Open Shelves for Home Office, Rustic Brown</p><p> -21% 0FF </p><p>$74.99</p><a href="https://www.amazon.com/dp/B0989HLF81?tag=eloabder-20&linkCode=osi&th=1&psc=1">View Product</a></div>
<div class="product"><a href="https://www.amazon.com/dp/B00006RSQD?tag=eloabder-20&linkCode=osi&th=1&psc=1"><img src="https://m.media-amazon.com/images/I/315rez3KpeL._SL500_.jpg" alt="Product Image"></a><p>Bush Business Furniture Series C 36W Tall 5 Shelf Bookcase in Hansen Cherry, Large Storage and Display Bookshelf for Home or Professional Office</p><p> -8% 0FF </p><p>$239.49</p><a href="https://www.amazon.com/dp/B00006RSQD?tag=eloabder-20&linkCode=osi&th=1&psc=1">View Product</a></div>
<div class="product"><a href="https://www.amazon.com/dp/B09F6JPYSY?tag=eloabder-20&linkCode=osi&th=1&psc=1"><img src="https://m.media-amazon.com/images/I/51fGLH7lhHL._SL500_.jpg" alt="Product Image"></a><p>SPACELEAD Slim Storage Cart 3 Tier,Bathroom Organizer Rolling Utility,Mobile Shelving Unit Slide Out for Office, Kitchen, Laundry Room & Narrow Places,Black</p><p> -30% 0FF </p><p>$20.99</p><a href="https://www.amazon.com/dp/B09F6JPYSY?tag=eloabder-20&linkCode=osi&th=1&psc=1">View Product</a></div><div class="product"><a href="https://www.amazon.com/dp/B08KFTVGQY?tag=eloabder-20&linkCode=osi&th=1&psc=1"><img src="https://m.media-amazon.com/images/I/51BjUEmGaiL._SL500_.jpg" alt="Product Image"></a><p>SONGMICS Cube Storage Organizer, Set of 16 Plastic Cubes, Closet Organizers and Storage, Room Organization, Bedroom Living Room, 12.2 x 48.4 x 48.4 Inches, Rustic Brown ULPC442A01</p><p> -15% 0FF </p><p>$46.99</p><a href="https://www.amazon.com/dp/B08KFTVGQY?tag=eloabder-20&linkCode=osi&th=1&psc=1">View Product</a></div><div class="product"><a href="https://www.amazon.com/dp/B0DG359YX5?tag=eloabder-20&linkCode=osi&th=1&psc=1"><img src="https://m.media-amazon.com/images/I/41OBXL4HJdL._SL500_.jpg" alt="Product Image"></a><p>VIVO Clamp-on 13 inch Above or Below Desk 2-Tier Shelving Unit for Table Accessories, Gaming Devices, and More, Storage Tray, Desktop Organizer, Rustic Vintage Brown, STAND-SHELF2C-N</p><p> -20% 0FF </p><p>$39.99</p><a href="https://www.amazon.com/dp/B0DG359YX5?tag=eloabder-20&linkCode=osi&th=1&psc=1">View Product</a></div><div class="product"><a href="https://www.amazon.com/dp/B0D7S5GGP6?tag=eloabder-20&linkCode=osi&th=1&psc=1"><img src="https://m.media-amazon.com/images/I/51EriWG2BLL._SL500_.jpg" alt="Product Image"></a><p>C&AHOME Wire Cube Storage, 9 - Cube Organizer Metal C Grids, Modular Shelves Units, Closet Organizer, Ideal for Home, Office, Living Room, 36.6”L x 12.4”W x 48.4”H, Silver Gray UWCS3009G</p><p> -33% 0FF </p><p>$28.87</p><a href="https://www.amazon.com/dp/B0D7S5GGP6?tag=eloabder-20&linkCode=osi&th=1&psc=1">View Product</a></div>
<div class="product"><a href="https://www.amazon.com/dp/B0B1M6ML2J?tag=eloabder-20&linkCode=osi&th=1&psc=1"><img src="https://m.media-amazon.com/images/I/51pX2Qo38JL._SL500_.jpg" alt="Product Image"></a><p>WOWBOX 25 PCS Clear Plastic Drawer Organizer Set, 4 Sizes Desk Drawer Divider Organizers and Storage Bins for Makeup, Jewelry, Gadgets for Kitchen, Bedroom, Bathroom, Office</p><p> -35% 0FF </p><p>$16.13 ($0.65 / Count)</p><a href="https://www.amazon.com/dp/B0B1M6ML2J?tag=eloabder-20&linkCode=osi&th=1&psc=1">View Product</a></div><div class="product"><a href="https://www.amazon.com/dp/B0DB8F7GDN?tag=eloabder-20&linkCode=osi&th=1&psc=1"><img src="https://m.media-amazon.com/images/I/51iOtKHzvCL._SL500_.jpg" alt="Product Image"></a><p>OPNICE Desk Organizer and Accessories, 2-Tier Computer Monitor Stand Riser with Drawer and 2 Pen Holders, Laptop Stand, Office Desk Accessories for Office Supplies, Black</p><p> -27% 0FF </p><p>$21.99</p><a href="https://www.amazon.com/dp/B0DB8F7GDN?tag=eloabder-20&linkCode=osi&th=1&psc=1">View Product</a></div><div class="product"><a href="https://www.amazon.com/dp/B0FQ86P4M3?tag=eloabder-20&linkCode=osi&th=1&psc=1"><img src="https://m.media-amazon.com/images/I/41ZDdyGnPxL._SL500_.jpg" alt="Product Image"></a><p>Mind Reader 2-Tier Desk Organizer with Clamp, Accessory Shelf for Office or Gaming, Office, Metal, White</p><p> -5% 0FF </p><p>$37.99</p><a href="https://www.amazon.com/dp/B0FQ86P4M3?tag=eloabder-20&linkCode=osi&th=1&psc=1">View Product</a></div><div class="product"><a href="https://www.amazon.com/dp/B0BYDGF8DT?tag=eloabder-20&linkCode=osi&th=1&psc=1"><img src="https://m.media-amazon.com/images/I/51sE2GzgVNL._SL500_.jpg" alt="Product Image"></a><p>OPNICE Desk Organizer and Accessories, 4-Tier Desktop File Organizer with Drawer and 2 Pen Holders, Office Desk Accessories, Workspace Organizers for Office Supplies(Black)</p><p> -33% 0FF </p><p>$19.99</p><a href="https://www.amazon.com/dp/B0BYDGF8DT?tag=eloabder-20&linkCode=osi&th=1&psc=1">View Product</a></div><div class="product"><a href="https://www.amazon.com/dp/B0DJKSMV2T?tag=eloabder-20&linkCode=osi&th=1&psc=1"><img src="https://m.media-amazon.com/images/I/41gO3CCIg1L._SL500_.jpg" alt="Product Image"></a><p>gianotter Dual Monitor Stand Riser, Desk Organizer With Drawer and 2 Pen Holders, Computer Monitor Stand, Shelf for Top of Desk, Black</p><p> -28% 0FF </p><p>$25.99</p><a href="https://www.amazon.com/dp/B0DJKSMV2T?tag=eloabder-20&linkCode=osi&th=1&psc=1">View Product</a></div><div class="product"><a href="https://www.amazon.com/dp/B0BWTT3WK1?tag=eloabder-20&linkCode=osi&th=1&psc=1"><img src="https://m.media-amazon.com/images/I/51JTe2SjicL._SL500_.jpg" alt="Product Image"></a><p>gianotter Desk Organizers and Accessories with File Holder, 4-Tier Desk Accessories & Workspace Organizers with Drawer and 2 Pen Holder, Paper Organizer for Office Supplies (Rose Gold)</p><p> -27% 0FF </p><p>$23.99</p><a href="https://www.amazon.com/dp/B0BWTT3WK1?tag=eloabder-20&linkCode=osi&th=1&psc=1">View Product</a></div><div class="product"><a href="https://www.amazon.com/dp/B09QKDY1YY?tag=eloabder-20&linkCode=osi&th=1&psc=1"><img src="https://m.media-amazon.com/images/I/519UVM73B6L._SL500_.jpg" alt="Product Image"></a><p>Supeasy 5 Trays Paper Organizer Letter Tray with Handle-Mesh Desk File Organizer, Paper Sorter Desk Organizer for Office, Home or School</p><p> -17% 0FF </p><p>$19.99</p><a href="https://www.amazon.com/dp/B09QKDY1YY?tag=eloabder-20&linkCode=osi&th=1&psc=1">View Product</a></div><div class="product"><a href="https://www.amazon.com/dp/B08PBFKGJG?tag=eloabder-20&linkCode=osi&th=1&psc=1"><img src="https://m.media-amazon.com/images/I/61WfW0WLsqL._SL500_.jpg" alt="Product Image"></a><p>Marbrasse 6 Tier Paper Organizer Letter Tray - Mesh Desk File Organizer with Handle, Paper Sorter Organizer for Letter/A4 Office File Folder Holder - Black</p><p> -23% 0FF </p><p>$19.98</p><a href="https://www.amazon.com/dp/B08PBFKGJG?tag=eloabder-20&linkCode=osi&th=1&psc=1">View Product</a></div><div class="product"><a href="https://www.amazon.com/dp/B09K5927B5?tag=eloabder-20&linkCode=osi&th=1&psc=1"><img src="https://m.media-amazon.com/images/I/51u5tZ4jR6L._SL500_.jpg" alt="Product Image"></a><p>Marbrasse Desk Organizer with File Holder, 5-Tier Paper Letter Tray Organizer with Drawer and 2 Pen Holder, Mesh Desktop Organizer and Storage with Magazine Holder for Office Supplies(Black)</p><p> -24% 0FF </p><p>$33.99</p><a href="https://www.amazon.com/dp/B09K5927B5?tag=eloabder-20&linkCode=osi&th=1&psc=1">View Product</a></div>
<div class="product"><a href="https://www.amazon.com/dp/B0CNXF7SVS?tag=eloabder-20&linkCode=osi&th=1&psc=1"><img src="https://m.media-amazon.com/images/I/51a6EswyTZL._SL500_.jpg" alt="Product Image"></a><p>Manalete Drawer Organizers Set of 15, 4 Sizes Clear Plastic Drawer Organizers and Storage Bins for Kitchen, Bathroom, Office, Dresser Desk Drawer Organizer Tray for Jewelry, Makeup, Junk, Gadgets</p><p> -29% 0FF </p><p>$9.99</p><a href="https://www.amazon.com/dp/B0CNXF7SVS?tag=eloabder-20&linkCode=osi&th=1&psc=1">View Product</a></div><div class="product"><a href="https://www.amazon.com/dp/B0CCY5X6SS?tag=eloabder-20&linkCode=osi&th=1&psc=1"><img src="https://m.media-amazon.com/images/I/41Iye-vPXJL._SL500_.jpg" alt="Product Image"></a><p>Bamboo Drawer Organizer Set, 5 PCS Multi-Use Individual Wood Storage Organizers, Junk Drawer Divider and Storage Trays Containers for Kitchen, Bathroom, Office Desk, Makeup, Jewelry, Utensils</p><p> -20% 0FF </p><p>$19.99 ($4.00 / Count)</p><a href="https://www.amazon.com/dp/B0CCY5X6SS?tag=eloabder-20&linkCode=osi&th=1&psc=1">View Product</a></div><div class="product"><a href="https://www.amazon.com/dp/B0CCDJQ7MM?tag=eloabder-20&linkCode=osi&th=1&psc=1"><img src="https://m.media-amazon.com/images/I/51kU0WJxdsL._SL500_.jpg" alt="Product Image"></a><p>Marbrasse Expandable Desk Drawer Organizer, Mesh Drawer Organizer Tray with 10 Adjustable Compartments, Desk Organizers and Accessories, 5 Dividers Drawer for Office Supplies, Makeup & Vanity (Black)</p><p> -15% 0FF </p><p>$17.84</p><a href="https://www.amazon.com/dp/B0CCDJQ7MM?tag=eloabder-20&linkCode=osi&th=1&psc=1">View Product</a></div><div class="product"><a href="https://www.amazon.com/dp/B0DM27MBZN?tag=eloabder-20&linkCode=osi&th=1&psc=1"><img src="https://m.media-amazon.com/images/I/41hAfSMnrZL._SL500_.jpg" alt="Product Image"></a><p>ElegantArray 12 PCS Drawer Organizer Set, 4 Sizes Storage Drawer Units, Clear Plastic Makeup Vanity Organizer and Storage Bins for Makeup, Stationeries, Multiple Gadgets for Bathroom, Office, Bedroom</p><p> -31% 0FF </p><p>$8.99</p><a href="https://www.amazon.com/dp/B0DM27MBZN?tag=eloabder-20&linkCode=osi&th=1&psc=1">View Product</a></div>
<div class="product"><a href="https://www.amazon.com/dp/B0C4T42TPC?tag=eloabder-20&linkCode=osi&th=1&psc=1"><img src="https://m.media-amazon.com/images/I/318IsyAsPXL._SL500_.jpg" alt="Product Image"></a><p>Adjustable Mobile CPU Stand, Ventilated Computer Tower Stand with 4 Caster Wheels Fits Most PC Tower, Under Desk CPU Holder PC Floor Cart Computer Riser for Gamers and Students (Black)</p><p> -21% 0FF </p><p>$14.21</p><a href="https://www.amazon.com/dp/B0C4T42TPC?tag=eloabder-20&linkCode=osi&th=1&psc=1">View Product</a></div><div class="product"><a href="https://www.amazon.com/dp/B094QTGHNZ?tag=eloabder-20&linkCode=osi&th=1&psc=1"><img src="https://m.media-amazon.com/images/I/31VzBQ+jwWL._SL500_.jpg" alt="Product Image"></a><p>WALI Computer Monitor Stand for Desk, Adjustable Laptop Riser, Desk Monitor Stand Underneath Storage for Office, Home, School Supplies (STT003), 1 Pack, Black</p><p> -32% 0FF </p><p>$16.99</p><a href="https://www.amazon.com/dp/B094QTGHNZ?tag=eloabder-20&linkCode=osi&th=1&psc=1">View Product</a></div><div class="product"><a href="https://www.amazon.com/dp/B07H4DMLVH?tag=eloabder-20&linkCode=osi&th=1&psc=1"><img src="https://m.media-amazon.com/images/I/31eTfKhpSWL._SL500_.jpg" alt="Product Image"></a><p>HUANUO Monitor Stand, Monitor Stand Riser 3 Height Adjustable, Monitor Riser with Airflow Vents, Laptop Stand for Desk, Laptop Riser, Desk Organizer for Monitor, 15.6" Laptop, PC, Printer</p><p> -11% 0FF </p><p>$15.19</p><a href="https://www.amazon.com/dp/B07H4DMLVH?tag=eloabder-20&linkCode=osi&th=1&psc=1">View Product</a></div><div class="product"><a href="https://www.amazon.com/dp/B0D69W6H91?tag=eloabder-20&linkCode=osi&th=1&psc=1"><img src="https://m.media-amazon.com/images/I/51rQI+gi3lL._SL500_.jpg" alt="Product Image"></a><p>JANE EYRE Computer Tower Stand - Adjustable PC Tower Stand CPU Holder Cart with Charging Station for Office Home Classroom,23.03"-28.3" H, black</p><p> -10% 0FF </p><p>$53.99</p><a href="https://www.amazon.com/dp/B0D69W6H91?tag=eloabder-20&linkCode=osi&th=1&psc=1">View Product</a></div><div class="product"><a href="https://www.amazon.com/dp/B0C4T34L9Y?tag=eloabder-20&linkCode=osi&th=1&psc=1"><img src="https://m.media-amazon.com/images/I/51BNMGXNOEL._SL500_.jpg" alt="Product Image"></a><p>BONTEC Wooden Monitor Stand Riser, 2-Tier Desk Shelf with Storage Organizer, Ergonomic Computer Stand with Cable Management, Cellphone Holder, White, 16.5 Inch</p><p> -33% 0FF </p><p>$18.04</p><a href="https://www.amazon.com/dp/B0C4T34L9Y?tag=eloabder-20&linkCode=osi&th=1&psc=1">View Product</a></div><div class="product"><a href="https://www.amazon.com/dp/B08BRCT4JH?tag=eloabder-20&linkCode=osi&th=1&psc=1"><img src="https://m.media-amazon.com/images/I/41Ga6A+cXbL._SL500_.jpg" alt="Product Image"></a><p>BESIGN LS03 Aluminum Laptop Stand, Ergonomic Detachable Computer Stand, Notebook Riser Compatible with Air, Pro, Dell, HP, Lenovo More 10-15.6" Laptops, Silver</p><p> -25% 0FF </p><p>$14.98</p><a href="https://www.amazon.com/dp/B08BRCT4JH?tag=eloabder-20&linkCode=osi&th=1&psc=1">View Product</a></div>
<div class="product"><a href="https://www.amazon.com/dp/B07Q79ZZJ6?tag=eloabder-20&linkCode=osi&th=1&psc=1"><img src="https://m.media-amazon.com/images/I/31-LBzENQIL._SL500_.jpg" alt="Product Image"></a><p>Single LCD Computer Monitor Free-Standing Desk Stand Mount Riser for 13 inch to 32 inch screen with Swivel, Height Adjustable, Rotation, Vesa Base Stand Holds One (1) Screen up to 77Lbs(HT05B-001))</p><p> -34% 0FF </p><p>$21.99</p><a href="https://www.amazon.com/dp/B07Q79ZZJ6?tag=eloabder-20&linkCode=osi&th=1&psc=1">View Product</a></div><div class="product"><a href="https://www.amazon.com/dp/B082845XM8?tag=eloabder-20&linkCode=osi&th=1&psc=1"><img src="https://m.media-amazon.com/images/I/41uRH1B7HgL._SL500_.jpg" alt="Product Image"></a><p>Dual Monitor Stand - Vertical Stack Screen Free-Standing Monitor Riser Fits Two 13 to 34 Inch Screen with Swivel, Tilt, Height Adjustable, Holds One (1) Screen Up to 44Lbs</p><p> -5% 0FF </p><p>$31.56</p><a href="https://www.amazon.com/dp/B082845XM8?tag=eloabder-20&linkCode=osi&th=1&psc=1">View Product</a></div><div class="product"><a href="https://www.amazon.com/dp/B00X4SCCFG?tag=eloabder-20&linkCode=osi&th=1&psc=1"><img src="https://m.media-amazon.com/images/I/21X2klzUZGL._SL500_.jpg" alt="Product Image"></a><p>Amazon Basics Height Adjustable Rectangular Computer Monitor Riser Desk Stand with Storage for Reduced Neck Strain - Fits Monitors, Laptops Up to 22lbs, Black</p><p> -35% 0FF </p><p>$14.06</p><a href="https://www.amazon.com/dp/B00X4SCCFG?tag=eloabder-20&linkCode=osi&th=1&psc=1">View Product</a></div>
<div class="product"><a href="https://www.amazon.com/dp/B07HFDJCSL?tag=eloabder-20&linkCode=osi&th=1&psc=1"><img src="https://m.media-amazon.com/images/I/41DR7qY1naL._SL500_.jpg" alt="Product Image"></a><p>VIVO Large Keyboard Tray Under Desk Pull Out with Extra Sturdy C Clamp Mount System, 27 (33 Including Clamps) x 11 Inch Slide-Out Platform Computer Drawer for Typing, Black, MOUNT-KB05E</p><p> -17% 0FF </p><p>$49.99</p><a href="https://www.amazon.com/dp/B07HFDJCSL?tag=eloabder-20&linkCode=osi&th=1&psc=1">View Product</a></div><div class="product"><a href="https://www.amazon.com/dp/B082NKBM62?tag=eloabder-20&linkCode=osi&th=1&psc=1"><img src="https://m.media-amazon.com/images/I/41qQ3p9-mrL._SL500_.jpg" alt="Product Image"></a><p>HUANUO Keyboard Tray Under Desk, 360 Adjustable Ergonomic Sliding Keyboard & Mouse Tray, Under Desk Keyboard Tray Slide Out, Keyboard Holder Under Desk for Typing in Home, Office Work, 25"W x 9.84"D</p><p> -33% 0FF </p><p>$59.98</p><a href="https://www.amazon.com/dp/B082NKBM62?tag=eloabder-20&linkCode=osi&th=1&psc=1">View Product</a></div><div class="product"><a href="https://www.amazon.com/dp/B0F23GTKHL?tag=eloabder-20&linkCode=osi&th=1&psc=1"><img src="https://m.media-amazon.com/images/I/41dmHoeznDL._SL500_.jpg" alt="Product Image"></a><p>Zontera Ergonomic Mouse & Keyboard Tray Under Desk, Pull Out with Adjustable C-clamp, 20 (25.9 Including Clamps) x 11.8 Inch Slide Out Computer Keyboard Drawer Mouse Tray for Typing, Black</p><p> -7% 0FF </p><p>$25.99</p><a href="https://www.amazon.com/dp/B0F23GTKHL?tag=eloabder-20&linkCode=osi&th=1&psc=1">View Product</a></div><div class="product"><a href="https://www.amazon.com/dp/B01IIGMBVI?tag=eloabder-20&linkCode=osi&th=1&psc=1"><img src="https://m.media-amazon.com/images/I/21Vw8003F0L._SL500_.jpg" alt="Product Image"></a><p>Alera ALE Valencia Series Underdesk Keyboard/Mouse Shelf, 28w x 12d, Black</p><p> -50% 0FF </p><p>$29.22</p><a href="https://www.amazon.com/dp/B01IIGMBVI?tag=eloabder-20&linkCode=osi&th=1&psc=1">View Product</a></div>
<div class="product"><a href="https://www.amazon.com/dp/B07C3XZMC6?tag=eloabder-20&linkCode=osi&th=1&psc=1"><img src="https://m.media-amazon.com/images/I/31Eojf7glwL._SL500_.jpg" alt="Product Image"></a><p>JIKIOU 3 Pack Mouse Pad with Stitched Edge, Comfortable Mouse Pads with Non-Slip Rubber Base, Washable Mousepads Bulk with Comfortable Cloth, Mouse Pads for Computers Laptop Mouse 10.2x8.3inch Black</p><p> -29% 0FF </p><p>$7.99</p><a href="https://www.amazon.com/dp/B07C3XZMC6?tag=eloabder-20&linkCode=osi&th=1&psc=1">View Product</a></div><div class="product"><a href="https://www.amazon.com/dp/B085XRMSTT?tag=eloabder-20&linkCode=osi&th=1&psc=1"><img src="https://m.media-amazon.com/images/I/31aDSI0sFoL._SL500_.jpg" alt="Product Image"></a><p>EooCoo Ergonomic Mouse Pad with Wrist Support, Mousepad with Memory Foam Wrist Rest and Non-Slip Base for Computer, Cafe, Home & Office, 9.64 x 8.26 in Office Desk Accessories</p><p> -36% 0FF </p><p>$6.99</p><a href="https://www.amazon.com/dp/B085XRMSTT?tag=eloabder-20&linkCode=osi&th=1&psc=1">View Product</a></div>
<div class="product"><a href="https://www.amazon.com/dp/B0BRCJL4MM?tag=eloabder-20&linkCode=osi&th=1&psc=1"><img src="https://m.media-amazon.com/images/I/41sggzaNbPL._SL500_.jpg" alt="Product Image"></a><p>Led Desk Lamp for Office Home - Eye Caring Architect lamp with Clamp,Dual Screen Computer Monitor Gooseneck Smart Light: 24W 5 Color Flexible Adjustable Lighting Table Lamp for Study Drafting</p><p> -13% 0FF </p><p>$69.99</p><a href="https://www.amazon.com/dp/B0BRCJL4MM?tag=eloabder-20&linkCode=osi&th=1&psc=1">View Product</a></div><div class="product"><a href="https://www.amazon.com/dp/B0BNHNG5CY?tag=eloabder-20&linkCode=osi&th=1&psc=1"><img src="https://m.media-amazon.com/images/I/51ccmdZe2YL._SL500_.jpg" alt="Product Image"></a><p>Micomlan Led Desk Lamp with Clamp, Architect Desk Lamp for Home Office with Atmosphere Lighting, 24W Ultra Bright Auto Dimming Computer Light Stepless Dimming and Tempering LED Table Light</p><p> -27% 0FF </p><p>$49.99</p><a href="https://www.amazon.com/dp/B0BNHNG5CY?tag=eloabder-20&linkCode=osi&th=1&psc=1">View Product</a></div><div class="product"><a href="https://www.amazon.com/dp/B078W61H9P?tag=eloabder-20&linkCode=osi&th=1&psc=1"><img src="https://m.media-amazon.com/images/I/31aebwb3nqL._SL500_.jpg" alt="Product Image"></a><p>LEPOWER Metal Desk Lamp, Eye-Caring Table Lamp, Study Lamps with Flexible Goose Neck for Bedroom, Home Office (Matte Black)</p><p> -24% 0FF </p><p>$24.99</p><a href="https://www.amazon.com/dp/B078W61H9P?tag=eloabder-20&linkCode=osi&th=1&psc=1">View Product</a></div><div class="product"><a href="https://www.amazon.com/dp/B0D1DLY4H4?tag=eloabder-20&linkCode=osi&th=1&psc=1"><img src="https://m.media-amazon.com/images/I/41sKiuSIwRL._SL500_.jpg" alt="Product Image"></a><p>SKYLEO Led Desk Lamp - Desk Light for 31.5" Tall - 5 Color Modes X 11 Brightness Levels - Adjustable Swing Arm - Timmer & Memory Function - 12W Lamp for Desk - Black</p><p> -23% 0FF </p><p>$19.99</p><a href="https://www.amazon.com/dp/B0D1DLY4H4?tag=eloabder-20&linkCode=osi&th=1&psc=1">View Product</a></div><div class="product"><a href="https://www.amazon.com/dp/B0D2LGK82V?tag=eloabder-20&linkCode=osi&th=1&psc=1"><img src="https://m.media-amazon.com/images/I/41UpQ-qygDL._SL500_.jpg" alt="Product Image"></a><p>Addtam LED Desk Lamp, Power Strip with 3 Outlets 4 USB Charging Ports(2 USBC), 4 Modes 5 Level Brightness Touch Lamp, Small Desk Lamp for Home Office College Dorm Room Essentials</p><p> -23% 0FF </p><p>$16.99</p><a href="https://www.amazon.com/dp/B0D2LGK82V?tag=eloabder-20&linkCode=osi&th=1&psc=1">View Product</a></div><div class="product"><a href="https://www.amazon.com/dp/B08LMTQ7ZF?tag=eloabder-20&linkCode=osi&th=1&psc=1"><img src="https://m.media-amazon.com/images/I/21vKPX2KHML._SL500_.jpg" alt="Product Image"></a><p>Lepro LED Desk Lamp for Home Office, 9.5W 750LM Metal Touch Control Desk Light, 5 Color Modes 5 Brightness Level, Eye Caring Task Lamp For Reading, Sewing, Crafts, School Supplies, Puzzle Light, Black</p><p> -13% 0FF </p><p>$24.99</p><a href="https://www.amazon.com/dp/B08LMTQ7ZF?tag=eloabder-20&linkCode=osi&th=1&psc=1">View Product</a></div>
<div class="product"><a href="https://www.amazon.com/dp/B0D7BXNDP4?tag=eloabder-20&linkCode=osi&th=1&psc=1"><img src="https://m.media-amazon.com/images/I/41DuEunZ1+L._SL500_.jpg" alt="Product Image"></a><p>Monitor Fan with Clamp & Light Bar Desk Lamp with fan for Office mini Desk fan small quiet with lamp for PC Laptops Tablet for Home Office Portable Working Reading Stand Lamp</p><p> -5% 0FF </p><p>$15.19</p><a href="https://www.amazon.com/dp/B0D7BXNDP4?tag=eloabder-20&linkCode=osi&th=1&psc=1">View Product</a></div><div class="product"><a href="https://www.amazon.com/dp/B07K1D41DC?tag=eloabder-20&linkCode=osi&th=1&psc=1"><img src="https://m.media-amazon.com/images/I/310MAouNV-L._SL500_.jpg" alt="Product Image"></a><p>OttLite Cool Breeze LED Lamp with Bladeless Fan - 3 Speed Options & 5 Brightness Settings with Energy Efficient Natural Daylight LEDs - Desktop, Table or Nightstand Lamp for Studying or Reading</p><p> -14% 0FF </p><p>$89.98</p><a href="https://www.amazon.com/dp/B07K1D41DC?tag=eloabder-20&linkCode=osi&th=1&psc=1">View Product</a></div>
<div class="product"><a href="https://www.amazon.com/dp/B0CXSXL1F2?tag=eloabder-20&linkCode=osi&th=1&psc=1"><img src="https://m.media-amazon.com/images/I/41H6cndt7iL._SL500_.jpg" alt="Product Image"></a><p>9 Pack Lined Sticky Notes 4x6 in Post Sticky Notes with Lines, 9 Bright Colors Self Sticky Notes Pad Its, Large Ruled Sticky Note for Office, Home, 35 Sheets/Pad</p><p> -33% 0FF </p><p>$7.99</p><a href="https://www.amazon.com/dp/B0CXSXL1F2?tag=eloabder-20&linkCode=osi&th=1&psc=1">View Product</a></div><div class="product"><a href="https://www.amazon.com/dp/B019QROV9S?tag=eloabder-20&linkCode=osi&th=1&psc=1"><img src="https://m.media-amazon.com/images/I/51OsStyntzL._SL500_.jpg" alt="Product Image"></a><p>Sharpie Clear View Highlighter Sticks, Chisel Tip, Assorted Fluorescent, 8 Count - School, Home, and Office Use, Teacher Supplies</p><p> -23% 0FF </p><p>$13.86</p><a href="https://www.amazon.com/dp/B019QROV9S?tag=eloabder-20&linkCode=osi&th=1&psc=1">View Product</a></div>
<div class="product"><a href="https://www.amazon.com/dp/B082PN4X5J?tag=eloabder-20&linkCode=osi&th=1&psc=1"><img src="https://m.media-amazon.com/images/I/51o+eA8g6nL._SL500_.jpg" alt="Product Image"></a><p>Sharpie S-Gel Gel Pens, Black Barrel, Medium Point (0.7mm), Black Gel Ink Pens, 12 Count - Home, Office, School, Journaling, Writing, Note-Taking, Teacher Supplies</p><p> -14% 0FF </p><p>$11.97</p><a href="https://www.amazon.com/dp/B082PN4X5J?tag=eloabder-20&linkCode=osi&th=1&psc=1">View Product</a></div><div class="product"><a href="https://www.amazon.com/dp/B0C9W8DD9S?tag=eloabder-20&linkCode=osi&th=1&psc=1"><img src="https://m.media-amazon.com/images/I/41mdSvEwNZL._SL500_.jpg" alt="Product Image"></a><p>Ddaowanx Gel Pens, 6 Pcs 0.5mm Quick Dry Black Ink Pens Fine Point Smooth Writing Pens, Cute Office School Supplies Gifts for Women</p><p> -10% 0FF </p><p>$8.99</p><a href="https://www.amazon.com/dp/B0C9W8DD9S?tag=eloabder-20&linkCode=osi&th=1&psc=1">View Product</a></div><div class="product"><a href="https://www.amazon.com/dp/B019QBOG3U?tag=eloabder-20&linkCode=osi&th=1&psc=1"><img src="https://m.media-amazon.com/images/I/416PjSebDoL._SL500_.jpg" alt="Product Image"></a><p>Paper Mate Colorful Gel Pens - InkJoy Gel Pens Assorted Medium Point (0.7). Perfect for Vibrant Colored Writing and Sketching with Paper Mate InkJoy 14 Count</p><p> -18% 0FF </p><p>$10.31</p><a href="https://www.amazon.com/dp/B019QBOG3U?tag=eloabder-20&linkCode=osi&th=1&psc=1">View Product</a></div><div class="product"><a href="https://www.amazon.com/dp/B0C73JDN4S?tag=eloabder-20&linkCode=osi&th=1&psc=1"><img src="https://m.media-amazon.com/images/I/51DJUUxL7HL._SL500_.jpg" alt="Product Image"></a><p>Linbsunne Ballpoint Pens Black Medium Point 1mm Pen with Super Soft Grip Ball Point Pen for Men Women Retractable Pens (gold-12 pcs)</p><p> -10% 0FF </p><p>$8.99</p><a href="https://www.amazon.com/dp/B0C73JDN4S?tag=eloabder-20&linkCode=osi&th=1&psc=1">View Product</a></div><div class="product"><a href="https://www.amazon.com/dp/B001OTA66O?tag=eloabder-20&linkCode=osi&th=1&psc=1"><img src="https://m.media-amazon.com/images/I/41yS5tBZQLL._SL500_.jpg" alt="Product Image"></a><p>BIC Glide Black Retractable Ballpoint Pens, Medium Point (1.0mm), 4-Count Pack, Ultra Smooth Writing Black Pens</p><p> -40% 0FF </p><p>$2.99</p><a href="https://www.amazon.com/dp/B001OTA66O?tag=eloabder-20&linkCode=osi&th=1&psc=1">View Product</a></div>
<div class="product"><a href="https://www.amazon.com/dp/B002HVXXCW?tag=eloabder-20&linkCode=osi&th=1&psc=1"><img src="https://m.media-amazon.com/images/I/41JeEedXCeL._SL500_.jpg" alt="Product Image"></a><p>Ticonderoga Wood-Cased Pencils, Pre-Sharpened, 2 HB Soft, Yellow, 10 Count</p><p> -58% 0FF </p><p>$2.49</p><a href="https://www.amazon.com/dp/B002HVXXCW?tag=eloabder-20&linkCode=osi&th=1&psc=1">View Product</a></div><div class="product"><a href="https://www.amazon.com/dp/B077Q4B6YN?tag=eloabder-20&linkCode=osi&th=1&psc=1"><img src="https://m.media-amazon.com/images/I/4160YcHGDNL._SL500_.jpg" alt="Product Image"></a><p>Paper Mate 2017483 Mechanical Pencils for Handwriting, Triangular, 5/PK, AST</p><p> -45% 0FF </p><p>$3.47</p><a href="https://www.amazon.com/dp/B077Q4B6YN?tag=eloabder-20&linkCode=osi&th=1&psc=1">View Product</a></div>
<div class="product"><a href="https://www.amazon.com/dp/B0D7YTZNRF?tag=eloabder-20&linkCode=osi&th=1&psc=1"><img src="https://m.media-amazon.com/images/I/41hSbSlNAmL._SL500_.jpg" alt="Product Image"></a><p>YASNAY Alcohol Markers, 48 Colors Dual Tip Art Marker, Drawing Markers, Coloring Marker for Kids Sketching Adult Coloring</p><p> -27% 0FF </p><p>$10.99</p><a href="https://www.amazon.com/dp/B0D7YTZNRF?tag=eloabder-20&linkCode=osi&th=1&psc=1">View Product</a></div><div class="product"><a href="https://www.amazon.com/dp/B07CJ8QXF8?tag=eloabder-20&linkCode=osi&th=1&psc=1"><img src="https://m.media-amazon.com/images/I/51bChi4-H4L._SL500_.jpg" alt="Product Image"></a><p>Dual Markers Brush Pens, 36 Fine Point Art Marker, Double Tip Colored Pen for Adult Coloring Hand Lettering, School Classroom Art Suppliers</p><p> -20% 0FF </p><p>$7.98</p><a href="https://www.amazon.com/dp/B07CJ8QXF8?tag=eloabder-20&linkCode=osi&th=1&psc=1">View Product</a></div><div class="product"><a href="https://www.amazon.com/dp/B071CP6X88?tag=eloabder-20&linkCode=osi&th=1&psc=1"><img src="https://m.media-amazon.com/images/I/41sNeEYkTNL._SL500_.jpg" alt="Product Image"></a><p>Crayola Super Tips Marker Set for Kids (100ct), Broad Tip & Fine Point Washable Art Markers for Kids, Bulk School Supplies, Teacher Classroom Must Haves, Drawing Supplies</p><p> -19% 0FF </p><p>$16.29</p><a href="https://www.amazon.com/dp/B071CP6X88?tag=eloabder-20&linkCode=osi&th=1&psc=1">View Product</a></div><div class="product"><a href="https://www.amazon.com/dp/B08MBFPFCQ?tag=eloabder-20&linkCode=osi&th=1&psc=1"><img src="https://m.media-amazon.com/images/I/51DaGL7Z4oL._SL500_.jpg" alt="Product Image"></a><p>Sharpie Permanent Markers Variety Pack, Includes Chisel, Fine, and Ultra-Fine Tips, Marker Set, Writing, Coloring, Poster, Office, School Supplies, Black, 6 Count</p><p> -19% 0FF </p><p>$4.63 ($0.77 / Count)</p><a href="https://www.amazon.com/dp/B08MBFPFCQ?tag=eloabder-20&linkCode=osi&th=1&psc=1">View Product</a></div>
<div class="product"><a href="https://www.amazon.com/dp/B09Y2KJ2KX?tag=eloabder-20&linkCode=osi&th=1&psc=1"><img src="https://m.media-amazon.com/images/I/41EhQr7suML._SL500_.jpg" alt="Product Image"></a><p>Sharpie Pocket Highlighters, Mild Pastel Colors, Assorted, Chisel Tip, 12 Count - School, Home, and Office Use, Teacher Supplies</p><p> -22% 0FF </p><p>$7.76 ($0.65 / Count)</p><a href="https://www.amazon.com/dp/B09Y2KJ2KX?tag=eloabder-20&linkCode=osi&th=1&psc=1">View Product</a></div><div class="product"><a href="https://www.amazon.com/dp/B08698MJWT?tag=eloabder-20&linkCode=osi&th=1&psc=1"><img src="https://m.media-amazon.com/images/I/512N7aYt5oL._SL500_.jpg" alt="Product Image"></a><p>Sharpie S-Note Creative Markers, Pastel Highlighters, Art Marker Set, Assorted Colors, Chisel Tip, 24 Count - School, Home, and Office Use, Teacher Supplies</p><p> -60% 0FF </p><p>$8.83</p><a href="https://www.amazon.com/dp/B08698MJWT?tag=eloabder-20&linkCode=osi&th=1&psc=1">View Product</a></div>
<div class="product"><a href="https://www.amazon.com/dp/B097DPQPYN?tag=eloabder-20&linkCode=osi&th=1&psc=1"><img src="https://m.media-amazon.com/images/I/51nFyQPtfkL._SL500_.jpg" alt="Product Image"></a><p>Sonuimy Pencil Sharpeners, 4 Pcs Pencil Sharpeners Manual,Dual Holes Compact Colored Handheld Pencil Sharpener for Kids with Lid Adults Students School Class Home Office (Covered)</p><p> -13% 0FF </p><p>$4.49</p><a href="https://www.amazon.com/dp/B097DPQPYN?tag=eloabder-20&linkCode=osi&th=1&psc=1">View Product</a></div><div class="product"><a href="https://www.amazon.com/dp/B000MFN1G8?tag=eloabder-20&linkCode=osi&th=1&psc=1"><img src="https://m.media-amazon.com/images/I/41JPflroUEL._SL500_.jpg" alt="Product Image"></a><p>Compact Desktop Electric Pencil Sharpener, Black, Sold as 1 Each</p><p> -21% 0FF </p><p>$15.89</p><a href="https://www.amazon.com/dp/B000MFN1G8?tag=eloabder-20&linkCode=osi&th=1&psc=1">View Product</a></div><div class="product"><a href="https://www.amazon.com/dp/B00125KXGI?tag=eloabder-20&linkCode=osi&th=1&psc=1"><img src="https://m.media-amazon.com/images/I/51avY0bZv6L._SL500_.jpg" alt="Product Image"></a><p>Bostitch Office Personal Electric Pencil Sharpener, Powerful Stall-Free Motor, High Capacity Shavings Tray, Blue</p><p> -13% 0FF </p><p>$17.48</p><a href="https://www.amazon.com/dp/B00125KXGI?tag=eloabder-20&linkCode=osi&th=1&psc=1">View Product</a></div><div class="product"><a href="https://www.amazon.com/dp/B078DZY9Z5?tag=eloabder-20&linkCode=osi&th=1&psc=1"><img src="https://m.media-amazon.com/images/I/41KbUFGrXfL._SL500_.jpg" alt="Product Image"></a><p>JARLINK Electric Pencil Sharpener, Heavy-Duty Helical Blade to Fast Sharpen, Auto Stop for No.2/Colored Pencils(6-8mm), AC Adapter/Battery Operated in School Classroom/Office/Home (Black)</p><p> -21% 0FF </p><p>$16.98</p><a href="https://www.amazon.com/dp/B078DZY9Z5?tag=eloabder-20&linkCode=osi&th=1&psc=1">View Product</a></div><div class="product"><a href="https://www.amazon.com/dp/B08DLXH86D?tag=eloabder-20&linkCode=osi&th=1&psc=1"><img src="https://m.media-amazon.com/images/I/41UghsnBycL._SL500_.jpg" alt="Product Image"></a><p>Aogwat Pencil Sharpener Electric Pencil Sharpener for Kids, Blade to Fast Sharpen, Suitable for No.2/School/Classroom/Office/Home (Black)</p><p> -23% 0FF </p><p>$9.99</p><a href="https://www.amazon.com/dp/B08DLXH86D?tag=eloabder-20&linkCode=osi&th=1&psc=1">View Product</a></div><div class="product"><a href="https://www.amazon.com/dp/B000GP0VIU?tag=eloabder-20&linkCode=osi&th=1&psc=1"><img src="https://m.media-amazon.com/images/I/318OKKSwzbL._SL500_.jpg" alt="Product Image"></a><p>Bostitch Office Wall Mount Manual Pencil Sharpener, Tip Saver, 8 Hole Dial, 6X Longer Cutter Life, Vertical or Horizontal Mounting Black (MPS1-BLK)</p><p> -9% 0FF </p><p>$13.18</p><a href="https://www.amazon.com/dp/B000GP0VIU?tag=eloabder-20&linkCode=osi&th=1&psc=1">View Product</a></div>
<div class="product"><a href="https://www.amazon.com/dp/B00094H4LU?tag=eloabder-20&linkCode=osi&th=1&psc=1"><img src="https://m.media-amazon.com/images/I/41f-fbZYU1L._SL500_.jpg" alt="Product Image"></a><p>Paper Mate Erasers | Pink Pearl Large Erasers 12 Count</p><p> -55% 0FF </p><p>$6.03</p><a href="https://www.amazon.com/dp/B00094H4LU?tag=eloabder-20&linkCode=osi&th=1&psc=1">View Product</a></div><div class="product"><a href="https://www.amazon.com/dp/B07DPVVMWB?tag=eloabder-20&linkCode=osi&th=1&psc=1"><img src="https://m.media-amazon.com/images/I/51wLlsENgiL._SL500_.jpg" alt="Product Image"></a><p>Mr. Pen Erasers for Pencils, 120 Pack, Pencil Top Erasers, Eraser Caps, Cap Tops, Topper Erasers. Ereaser</p><p> -24% 0FF </p><p>$5.95</p><a href="https://www.amazon.com/dp/B07DPVVMWB?tag=eloabder-20&linkCode=osi&th=1&psc=1">View Product</a></div><div class="product"><a href="https://www.amazon.com/dp/B07144DC8V?tag=eloabder-20&linkCode=osi&th=1&psc=1"><img src="https://m.media-amazon.com/images/I/51Ed1+HW9cL._SL500_.jpg" alt="Product Image"></a><p>Pentel Hi-Polymer Block Eraser, White, 10/Box (ZEH10PC10)</p><p> -44% 0FF </p><p>$9.99</p><a href="https://www.amazon.com/dp/B07144DC8V?tag=eloabder-20&linkCode=osi&th=1&psc=1">View Product</a></div><div class="product"><a href="https://www.amazon.com/dp/B0047CT6SE?tag=eloabder-20&linkCode=osi&th=1&psc=1"><img src="https://m.media-amazon.com/images/I/41bhWXKeeiL._SL500_.jpg" alt="Product Image"></a><p>Pentel Clic Retractable Eraser with Grip, 3 Pack</p><p> -29% 0FF </p><p>$4.77</p><a href="https://www.amazon.com/dp/B0047CT6SE?tag=eloabder-20&linkCode=osi&th=1&psc=1">View Product</a></div>
<div class="product"><a href="https://www.amazon.com/dp/B09S9X3HV7?tag=eloabder-20&linkCode=osi&th=1&psc=1"><img src="https://m.media-amazon.com/images/I/51GgMyfl5VL._SL500_.jpg" alt="Product Image"></a><p>Color Transparent Ruler Plastic Rulers - Ruler 12 inch, Kids Ruler for School, Ruler with Centimeters, Millimeter and Inches, Assorted Colors, Clear Rulers, 7 Pack School Rulers</p><p> -16% 0FF </p><p>$5.99</p><a href="https://www.amazon.com/dp/B09S9X3HV7?tag=eloabder-20&linkCode=osi&th=1&psc=1">View Product</a></div><div class="product"><a href="https://www.amazon.com/dp/B06XK9VQM4?tag=eloabder-20&linkCode=osi&th=1&psc=1"><img src="https://m.media-amazon.com/images/I/51Glln3n-nL._SL500_.jpg" alt="Product Image"></a><p>Outus 12 Pack Wood Ruler Bulk for Students Wooden School Rulers Gifts Office Classroom Measuring, 2 Scale, 12 Inch and 30 cm</p><p> -6% 0FF </p><p>$7.99</p><a href="https://www.amazon.com/dp/B06XK9VQM4?tag=eloabder-20&linkCode=osi&th=1&psc=1">View Product</a></div><div class="product"><a href="https://www.amazon.com/dp/B0B5MLTG7J?tag=eloabder-20&linkCode=osi&th=1&psc=1"><img src="https://m.media-amazon.com/images/I/51z9LUxLKmL._SL500_.jpg" alt="Product Image"></a><p>DAGONGREN 30 Pack Clear Plastic Rulers 12 Inch,Transparent Assorted Color Metric Bulk Rulers with Inches and Centimeters,Kids Ruler for School,Home,Office</p><p> -9% 0FF </p><p>$9.99</p><a href="https://www.amazon.com/dp/B0B5MLTG7J?tag=eloabder-20&linkCode=osi&th=1&psc=1">View Product</a></div><div class="product"><a href="https://www.amazon.com/dp/B096MPPF53?tag=eloabder-20&linkCode=osi&th=1&psc=1"><img src="https://m.media-amazon.com/images/I/51qUpElDRcS._SL500_.jpg" alt="Product Image"></a><p>Tenare 1 Set Plastic Clear Math Set Includes Protractor Triangle Rulers 12 Inch 6 Inch Straight Geometry Math Transparent Ruler Measuring Tool for School Office Home Supplies(Clear)</p><p> -25% 0FF </p><p>$5.98</p><a href="https://www.amazon.com/dp/B096MPPF53?tag=eloabder-20&linkCode=osi&th=1&psc=1">View Product</a></div>
<div class="product"><a href="https://www.amazon.com/dp/B07YDDX4JL?tag=eloabder-20&linkCode=osi&th=1&psc=1"><img src="https://m.media-amazon.com/images/I/41oBPZwCRLL._SL500_.jpg" alt="Product Image"></a><p>3-Pack 8" Heavy Duty Scissors with Ultra Sharp Blades and Comfort Grip Handles - For Office, Home, School, Sewing, and Crafts</p><p> -15% 0FF </p><p>$8.49 ($2.83 / Count)</p><a href="https://www.amazon.com/dp/B07YDDX4JL?tag=eloabder-20&linkCode=osi&th=1&psc=1">View Product</a></div><div class="product"><a href="https://www.amazon.com/dp/B01BRGU8R0?tag=eloabder-20&linkCode=osi&th=1&psc=1"><img src="https://m.media-amazon.com/images/I/41ANVra+eNL._SL500_.jpg" alt="Product Image"></a><p>Amazon Basics Stainless Steel Scissors for Office, Crafts, Multipurpose, Sharp, Comfort Grip, PVD Coated, 3 Pack, Multicolor</p><p> -45% 0FF </p><p>$7.55</p><a href="https://www.amazon.com/dp/B01BRGU8R0?tag=eloabder-20&linkCode=osi&th=1&psc=1">View Product</a></div><div class="product"><a href="https://www.amazon.com/dp/B000P0LNRE?tag=eloabder-20&linkCode=osi&th=1&psc=1"><img src="https://m.media-amazon.com/images/I/41fWgMTO0JL._SL500_.jpg" alt="Product Image"></a><p>Westcott 8-Inch Titanium-Bonded Scissors with Adjustable Glide Feature for Office and Home - Gray/Yellow, 2-Pack</p><p> -33% 0FF </p><p>$9.97</p><a href="https://www.amazon.com/dp/B000P0LNRE?tag=eloabder-20&linkCode=osi&th=1&psc=1">View Product</a></div>
<div class="product"><a href="https://www.amazon.com/dp/B074ZRZ4CZ?tag=eloabder-20&linkCode=osi&th=1&psc=1"><img src="https://m.media-amazon.com/images/I/41bu+HKxC2L._SL500_.jpg" alt="Product Image"></a><p>Swingline Commercial Stapler, 20 Sheet Capacity, Jam Free, Metal, 2 Pack, Black (44401AZ)</p><p> -5% 0FF </p><p>$18.98</p><a href="https://www.amazon.com/dp/B074ZRZ4CZ?tag=eloabder-20&linkCode=osi&th=1&psc=1">View Product</a></div><div class="product"><a href="https://www.amazon.com/dp/B001PME62K?tag=eloabder-20&linkCode=osi&th=1&psc=1"><img src="https://m.media-amazon.com/images/I/41gbaJu-3iL._SL500_.jpg" alt="Product Image"></a><p>Swingline Stapler, 40 Sheet Capacity, Optima 40, Jam Free, Reduced Effort, Soft Grip, Metal, Orange and Gray (87845)</p><p> -14% 0FF </p><p>$24.19</p><a href="https://www.amazon.com/dp/B001PME62K?tag=eloabder-20&linkCode=osi&th=1&psc=1">View Product</a></div><div class="product"><a href="https://www.amazon.com/dp/B0D2JBKYM1?tag=eloabder-20&linkCode=osi&th=1&psc=1"><img src="https://m.media-amazon.com/images/I/41zFTU9QpfL._SL500_.jpg" alt="Product Image"></a><p>Bostitch Office Stapler, No-Jam Premium for Desktop, Includes 1,250 Staples, Full-Strip, 25 Sheet Capacity, Black</p><p> -26% 0FF </p><p>$6.99</p><a href="https://www.amazon.com/dp/B0D2JBKYM1?tag=eloabder-20&linkCode=osi&th=1&psc=1">View Product</a></div><div class="product"><a href="https://www.amazon.com/dp/B0CC5GJKM1?tag=eloabder-20&linkCode=osi&th=1&psc=1"><img src="https://m.media-amazon.com/images/I/41JDDoSZQiL._SL500_.jpg" alt="Product Image"></a><p>Metal Stapler Heavy Duty 50 Sheet Capacity with 1750 Staples and Staple Remover, Full Strip Staplers for Desk, No Jam, Non-Slip for Office & Classroom, Black</p><p> -33% 0FF </p><p>$13.29</p><a href="https://www.amazon.com/dp/B0CC5GJKM1?tag=eloabder-20&linkCode=osi&th=1&psc=1">View Product</a></div><div class="product"><a href="https://www.amazon.com/dp/B0006HUQZ6?tag=eloabder-20&linkCode=osi&th=1&psc=1"><img src="https://m.media-amazon.com/images/I/31e-T-f1TGL._SL500_.jpg" alt="Product Image"></a><p>Swingline Stapler, 30 Sheet Capacity, 747 Business Stapler, Jam Free, Metal, Rio Red (74736)</p><p> -23% 0FF </p><p>$15.30</p><a href="https://www.amazon.com/dp/B0006HUQZ6?tag=eloabder-20&linkCode=osi&th=1&psc=1">View Product</a></div>
<div class="product"><a href="https://www.amazon.com/dp/B00J8PJJF0?tag=eloabder-20&linkCode=osi&th=1&psc=1"><img src="https://m.media-amazon.com/images/I/418dc+5ZGkL._SL500_.jpg" alt="Product Image"></a><p>Bostitch Office Premium Standard Staples, 1/4" Full Strip, Box of 5,000 Staples</p><p> -27% 0FF </p><p>$4.39</p><a href="https://www.amazon.com/dp/B00J8PJJF0?tag=eloabder-20&linkCode=osi&th=1&psc=1">View Product</a></div><div class="product"><a href="https://www.amazon.com/dp/B079VYR12V?tag=eloabder-20&linkCode=osi&th=1&psc=1"><img src="https://m.media-amazon.com/images/I/51xAt88vqrL._SL500_.jpg" alt="Product Image"></a><p>Officemate Standard Staples, 10 Boxes General Purpose Staple (91950)</p><p> -10% 0FF </p><p>$14.37</p><a href="https://www.amazon.com/dp/B079VYR12V?tag=eloabder-20&linkCode=osi&th=1&psc=1">View Product</a></div><div class="product"><a href="https://www.amazon.com/dp/B00006IFMQ?tag=eloabder-20&linkCode=osi&th=1&psc=1"><img src="https://m.media-amazon.com/images/I/51UsWZuFq8L._SL500_.jpg" alt="Product Image"></a><p>Bostitch Office B8 PowerCrown 0.25 Inch Staples, Pack of 5,000 Staples (STCRP21151/4), Silver</p><p> -30% 0FF </p><p>$2.33</p><a href="https://www.amazon.com/dp/B00006IFMQ?tag=eloabder-20&linkCode=osi&th=1&psc=1">View Product</a></div>
<div class="product"><a href="https://www.amazon.com/dp/B000J07BRQ?tag=eloabder-20&linkCode=osi&th=1&psc=1"><img src="https://m.media-amazon.com/images/I/51QpJKjajbL._SL500_.jpg" alt="Product Image"></a><p>Scotch Heavy Duty Shipping Packing Tape, Clear, Packing Tape for Moving Boxes and Packaging Supplies, 1.88 in. x 22.2 yd., 6 Roll Dispensers, Moving Supplies</p><p> -35% 0FF </p><p>$12.99</p><a href="https://www.amazon.com/dp/B000J07BRQ?tag=eloabder-20&linkCode=osi&th=1&psc=1">View Product</a></div><div class="product"><a href="https://www.amazon.com/dp/B0000DH8HQ?tag=eloabder-20&linkCode=osi&th=1&psc=1"><img src="https://m.media-amazon.com/images/I/414lAY+087L._SL500_.jpg" alt="Product Image"></a><p>Scotch Magic Tape, Invisible Transparent Tape, 6 Tape Rolls with Dispensers, 3/4 in x 650 in</p><p> -23% 0FF </p><p>$12.34</p><a href="https://www.amazon.com/dp/B0000DH8HQ?tag=eloabder-20&linkCode=osi&th=1&psc=1">View Product</a></div><div class="product"><a href="https://www.amazon.com/dp/B0DQHV6X92?tag=eloabder-20&linkCode=osi&th=1&psc=1"><img src="https://m.media-amazon.com/images/I/51ViCFlgldL._SL500_.jpg" alt="Product Image"></a><p>BeataTap Tape, Invisible Tape, 6 Rolls + 6 Refillable Dispensers, Matte Finish, Writable, 3/4″ x 650″, Transparent Tape, Clear Tape for Gift Wrapping Paper, School Supplies</p><p> -15% 0FF </p><p>$5.94 ($0.99 / Count)</p><a href="https://www.amazon.com/dp/B0DQHV6X92?tag=eloabder-20&linkCode=osi&th=1&psc=1">View Product</a></div><div class="product"><a href="https://www.amazon.com/dp/B07CB6LN5S?tag=eloabder-20&linkCode=osi&th=1&psc=1"><img src="https://m.media-amazon.com/images/I/41NNyeISnjL._SL500_.jpg" alt="Product Image"></a><p>Scotch Super-Hold Tape, 2 Rolls, Transparent Finish, 50% More Adhesive, Trusted Favorite, 3/4 x 600 Inches, Dispensered (198DM-2)</p><p> -30% 0FF </p><p>$5.97</p><a href="https://www.amazon.com/dp/B07CB6LN5S?tag=eloabder-20&linkCode=osi&th=1&psc=1">View Product</a></div><div class="product"><a href="https://www.amazon.com/dp/B00464740A?tag=eloabder-20&linkCode=osi&th=1&psc=1"><img src="https://m.media-amazon.com/images/I/51ZPFoiGfuL._SL500_.jpg" alt="Product Image"></a><p>Scotch Sure Start Shipping Packaging Tape, 1.88" x 22.2 yd, Designed for Packing, Shipping and Mailing, Quiet Unwind, No Splitting or Tearing, 1.5" Core, Clear, 6 Dispensered Rolls (145-6)</p><p> -28% 0FF </p><p>$13.48</p><a href="https://www.amazon.com/dp/B00464740A?tag=eloabder-20&linkCode=osi&th=1&psc=1">View Product</a></div><div class="product"><a href="https://www.amazon.com/dp/B09C6LLG9P?tag=eloabder-20&linkCode=osi&th=1&psc=1"><img src="https://m.media-amazon.com/images/I/41rbv66ZNBL._SL500_.jpg" alt="Product Image"></a><p>Scotch Box Lock Packaging Tape, 1 Roll with Dispenser, 1.88 in x 1000 in, Extreme Grip, Sticks Instantly to Any Box (195L)</p><p> -31% 0FF </p><p>$4.12</p><a href="https://www.amazon.com/dp/B09C6LLG9P?tag=eloabder-20&linkCode=osi&th=1&psc=1">View Product</a></div>
<div class="product"><a href="https://www.amazon.com/dp/B08QQZ71CV?tag=eloabder-20&linkCode=osi&th=1&psc=1"><img src="https://m.media-amazon.com/images/I/51Foz0aGYoS._SL500_.jpg" alt="Product Image"></a><p>Gorilla Super Glue, Clear Glue, Four 3 Gram Tubes (Pack of 1) - All Purpose and Fast Setting for Projects and Repairs</p><p> -25% 0FF </p><p>$9.49 ($22.60 / Ounce)</p><a href="https://www.amazon.com/dp/B08QQZ71CV?tag=eloabder-20&linkCode=osi&th=1&psc=1">View Product</a></div><div class="product"><a href="https://www.amazon.com/dp/B07J6R3GK7?tag=eloabder-20&linkCode=osi&th=1&psc=1"><img src="https://m.media-amazon.com/images/I/31kdOjGBkpL._SL500_.jpg" alt="Product Image"></a><p>Amazon Basics All Purpose Washable School Clear Liquid Glue - Great for Making Slime, 128 fl oz</p><p> -6% 0FF </p><p>$16.13</p><a href="https://www.amazon.com/dp/B07J6R3GK7?tag=eloabder-20&linkCode=osi&th=1&psc=1">View Product</a></div><div class="product"><a href="https://www.amazon.com/dp/B00178QQJ8?tag=eloabder-20&linkCode=osi&th=1&psc=1"><img src="https://m.media-amazon.com/images/I/41zs6k410RL._SL500_.jpg" alt="Product Image"></a><p>Mod Podge Gloss Sealer, Glue & Finish: All-in-One Craft Solution- Quick Dry, Easy Clean, for Wood, Paper, Fabric & More. Non-Toxic - Craft with Confidence, Made in USA, 16 oz., Pack of 1</p><p> -36% 0FF </p><p>$7.99 ($0.50 / Fl Oz)</p><a href="https://www.amazon.com/dp/B00178QQJ8?tag=eloabder-20&linkCode=osi&th=1&psc=1">View Product</a></div><div class="product"><a href="https://www.amazon.com/dp/B073V14DZJ?tag=eloabder-20&linkCode=osi&th=1&psc=1"><img src="https://m.media-amazon.com/images/I/31Iyy5+vk6L._SL500_.jpg" alt="Product Image"></a><p>Amazon Basics All Purpose Washable School Craft Liquid Glue for Making Slime, White, Single Pack, 1 Gallon</p><p> -7% 0FF </p><p>$15.54</p><a href="https://www.amazon.com/dp/B073V14DZJ?tag=eloabder-20&linkCode=osi&th=1&psc=1">View Product</a></div><div class="product"><a href="https://www.amazon.com/dp/B0006HUJCQ?tag=eloabder-20&linkCode=osi&th=1&psc=1"><img src="https://m.media-amazon.com/images/I/511pTqChTCL._SL500_.jpg" alt="Product Image"></a><p>Loctite Super Glue Gel Control, Clear, 0.14 fl oz Bottle, 1 Pack - Superglue for Plastic, Wood, Metal, Crafts & Repair, Cyanoacrylate Adhesive Instant Glue, Quick Dry</p><p> -13% 0FF </p><p>$3.64 ($26.00 / Fl Oz)</p><a href="https://www.amazon.com/dp/B0006HUJCQ?tag=eloabder-20&linkCode=osi&th=1&psc=1">View Product</a></div>
<div class="product"><a href="https://www.amazon.com/dp/B074XTRX7K?tag=eloabder-20&linkCode=osi&th=1&psc=1"><img src="https://m.media-amazon.com/images/I/31rOPIrMfDL._SL500_.jpg" alt="Product Image"></a><p>Amazon Basics Sturdy Binder Clips for Office Use, 96 Count (8 Pack of 12), Medium, 1.25 in, Black</p><p> -26% 0FF </p><p>$7.48</p><a href="https://www.amazon.com/dp/B074XTRX7K?tag=eloabder-20&linkCode=osi&th=1&psc=1">View Product</a></div><div class="product"><a href="https://www.amazon.com/dp/B00TQ8FDB8?tag=eloabder-20&linkCode=osi&th=1&psc=1"><img src="https://m.media-amazon.com/images/I/51y7lUrMLnL._SL500_.jpg" alt="Product Image"></a><p>ACCO Binder Clips, Medium, Black, 12 per Box, 2 Boxes (72062)</p><p> -25% 0FF </p><p>$5.96</p><a href="https://www.amazon.com/dp/B00TQ8FDB8?tag=eloabder-20&linkCode=osi&th=1&psc=1">View Product</a></div><div class="product"><a href="https://www.amazon.com/dp/B08KWCDP3C?tag=eloabder-20&linkCode=osi&th=1&psc=1"><img src="https://m.media-amazon.com/images/I/41qucDz6HuL._SL500_.jpg" alt="Product Image"></a><p>Ufmarine Medium Binder Clips 1.25 inch Length, (40 Pcs) Colorful Paper Clips Medium for Office</p><p> -12% 0FF </p><p>$5.99</p><a href="https://www.amazon.com/dp/B08KWCDP3C?tag=eloabder-20&linkCode=osi&th=1&psc=1">View Product</a></div>
<div class="product"><a href="https://www.amazon.com/dp/B09XQLJFDD?tag=eloabder-20&linkCode=osi&th=1&psc=1"><img src="https://m.media-amazon.com/images/I/41iiSFMy4uL._SL500_.jpg" alt="Product Image"></a><p>PAPERPAL Paperclips for Office School & Personal Use, #1 Nonskid Paper Clip (1-2/7"), 600 Medium Paper Clips (6 Boxes of 100 Each), Silver</p><p> -20% 0FF </p><p>$7.99</p><a href="https://www.amazon.com/dp/B09XQLJFDD?tag=eloabder-20&linkCode=osi&th=1&psc=1">View Product</a></div>

<div class="product"><a href="https://www.amazon.com/dp/B004I2G8NO?tag=eloabder-20&linkCode=osi&th=1&psc=1"><img src="https://m.media-amazon.com/images/I/51WEsLRINGL._SL500_.jpg" alt="Product Image"></a><p>Business Source Rubber Band, Natural (1914LB)</p><p> -26% 0FF </p><p>$4.00</p><a href="https://www.amazon.com/dp/B004I2G8NO?tag=eloabder-20&linkCode=osi&th=1&psc=1">View Product</a></div><div class="product"><a href="https://www.amazon.com/dp/B077GDY1LP?tag=eloabder-20&linkCode=osi&th=1&psc=1"><img src="https://m.media-amazon.com/images/I/41nn0nmNTiL._SL500_.jpg" alt="Product Image"></a><p>ANNIE 1000 RUBBER BANDS 1/2" #BLACK</p><p> -7% 0FF </p><p>$4.90 ($1.22 / Count)</p><a href="https://www.amazon.com/dp/B077GDY1LP?tag=eloabder-20&linkCode=osi&th=1&psc=1">View Product</a></div><div class="product"><a href="https://www.amazon.com/dp/B000783OPI?tag=eloabder-20&linkCode=osi&th=1&psc=1"><img src="https://m.media-amazon.com/images/I/510okXKzMqL._SL500_.jpg" alt="Product Image"></a><p>Universal 00419 19-Size Rubber Bands (335 Per Pack), Beige</p><p> -29% 0FF </p><p>$3.44</p><a href="https://www.amazon.com/dp/B000783OPI?tag=eloabder-20&linkCode=osi&th=1&psc=1">View Product</a></div><div class="product"><a href="https://www.amazon.com/dp/B00006IBRU?tag=eloabder-20&linkCode=osi&th=1&psc=1"><img src="https://m.media-amazon.com/images/I/51pU5khkX8L._SL500_.jpg" alt="Product Image"></a><p>ALL26335 - Alliance Rubber 26335 Advantage Rubber Bands - Size #33, Natural, 1 Pound 3 x 1/8 inches</p><p> -62% 0FF </p><p>$3.29</p><a href="https://www.amazon.com/dp/B00006IBRU?tag=eloabder-20&linkCode=osi&th=1&psc=1">View Product</a></div>
<div class="product"><a href="https://www.amazon.com/dp/B0DSKTZBB6?tag=eloabder-20&linkCode=osi&th=1&psc=1"><img src="https://m.media-amazon.com/images/I/415YD3kNFlL._SL500_.jpg" alt="Product Image"></a><p>300 Count Colored Index Cards 3 x 5 Inch Ruled Index Cards, Flash Cards College Ruled for School, College, Office and Home Organization, Durable Study To Do List Note Cards with Ruled Lines</p><p> -10% 0FF </p><p>$6.29</p><a href="https://www.amazon.com/dp/B0DSKTZBB6?tag=eloabder-20&linkCode=osi&th=1&psc=1">View Product</a></div><div class="product"><a href="https://www.amazon.com/dp/B09JYQZQ3V?tag=eloabder-20&linkCode=osi&th=1&psc=1"><img src="https://m.media-amazon.com/images/I/41y5vfnutuL._SL500_.jpg" alt="Product Image"></a><p>Oxford Index Cards, 3 x 5 Inches, White, Lined on Front, Blank on Back, Flashcards for School and Studying, Recipe Note Cards, 500 Count (5 Packs of 100) (40176)</p><p> -22% 0FF </p><p>$7.01</p><a href="https://www.amazon.com/dp/B09JYQZQ3V?tag=eloabder-20&linkCode=osi&th=1&psc=1">View Product</a></div>
<div class="product"><a href="https://www.amazon.com/dp/B00P9U2EM8?tag=eloabder-20&linkCode=osi&th=1&psc=1"><img src="https://m.media-amazon.com/images/I/41Op5kyIukL._SL500_.jpg" alt="Product Image"></a><p>Mead Spiral Notebook, 6 Pack, 1 Subject, College Ruled Paper, 7-1/2" x 10-1/2", 70 Sheets per Notebook, Colors Will Vary (830062-ECM25)</p><p> -46% 0FF </p><p>$6.71</p><a href="https://www.amazon.com/dp/B00P9U2EM8?tag=eloabder-20&linkCode=osi&th=1&psc=1">View Product</a></div><div class="product"><a href="https://www.amazon.com/dp/B0CQN8FVJX?tag=eloabder-20&linkCode=osi&th=1&psc=1"><img src="https://m.media-amazon.com/images/I/414WVVoGFPL._SL500_.jpg" alt="Product Image"></a><p>SUNEE Spiral Notebooks, 1-Subject, 5 Pack, College Ruled Paper, 8" x 10-1/2", 70 Sheets per Notebook,3-Hole Punched Paper, Pink,Purple, Blue, Green, Yellow Spiral Lined Notebooks for School,Work</p><p> -29% 0FF </p><p>$9.99</p><a href="https://www.amazon.com/dp/B0CQN8FVJX?tag=eloabder-20&linkCode=osi&th=1&psc=1">View Product</a></div><div class="product"><a href="https://www.amazon.com/dp/B08NYRMWZ8?tag=eloabder-20&linkCode=osi&th=1&psc=1"><img src="https://m.media-amazon.com/images/I/41y1cnNXtOL._SL500_.jpg" alt="Product Image"></a><p>Yansanido Spiral Notebook, 4 Pcs 8.3 Inch x 5.9 Inch A5 Thick Plastic Hardcover 8mm Ruled 4 Color 80 Sheets -160 Pages Journals for Study and Notes (style 10-Wine Red,Brown,Green,ivory, A5)</p><p> -23% 0FF </p><p>$9.99</p><a href="https://www.amazon.com/dp/B08NYRMWZ8?tag=eloabder-20&linkCode=osi&th=1&psc=1">View Product</a></div><div class="product"><a href="https://www.amazon.com/dp/B08VF9VYLZ?tag=eloabder-20&linkCode=osi&th=1&psc=1"><img src="https://m.media-amazon.com/images/I/41ktUSmtHAL._SL500_.jpg" alt="Product Image"></a><p>Oxford Spiral Notebooks, 6 Pack, 1 Subject, Wide Ruled Notebooks for School, 8 x 10.5 Inches, 70 Sheets, Assorted Pastel Colors, Back to School Supplies (63757)</p><p> -6% 0FF </p><p>$8.99</p><a href="https://www.amazon.com/dp/B08VF9VYLZ?tag=eloabder-20&linkCode=osi&th=1&psc=1">View Product</a></div>
<div class="product"><a href="https://www.amazon.com/dp/B0FDRCSXZH?tag=eloabder-20&linkCode=osi&th=1&psc=1"><img src="https://m.media-amazon.com/images/I/41rYztS-0zL._SL500_.jpg" alt="Product Image"></a><p>5pcs Small Note Pads, Color Notepads 5x8 College Ruled Notebook, Writing Pads 5 x 8, Legal Pads, Memo Pad Paper Perforate Narrow Ruled Notebooks for Work, School, Office Supplies,30 Sheets/Pack</p><p> -14% 0FF </p><p>$5.99</p><a href="https://www.amazon.com/dp/B0FDRCSXZH?tag=eloabder-20&linkCode=osi&th=1&psc=1">View Product</a></div><div class="product"><a href="https://www.amazon.com/dp/B0BZQNCV62?tag=eloabder-20&linkCode=osi&th=1&psc=1"><img src="https://m.media-amazon.com/images/I/41yNqvqCwoL._SL500_.jpg" alt="Product Image"></a><p>Alitte Legal Notepads 8.5 x 11, Pack of 12 - Perforated Wide Ruled Writing Pad - Premium Thick Paper, No Ink Bleeding - Blank Legal Pads For Home, Office, School, Business - 50 Sheets Per Notebook</p><p> -17% 0FF </p><p>$24.99</p><a href="https://www.amazon.com/dp/B0BZQNCV62?tag=eloabder-20&linkCode=osi&th=1&psc=1">View Product</a></div>
<div class="product"><a href="https://www.amazon.com/dp/B0C7S1PCX4?tag=eloabder-20&linkCode=osi&th=1&psc=1"><img src="https://m.media-amazon.com/images/I/41nVRBg2klL._SL500_.jpg" alt="Product Image"></a><p>Oxford 8.5 x 11 Legal Pads, 12 Pack, Wide Ruled, Yellow Paper, 50 Sheets Per Writing Pad, Made in the USA (74020)</p><p> -30% 0FF </p><p>$12.60</p><a href="https://www.amazon.com/dp/B0C7S1PCX4?tag=eloabder-20&linkCode=osi&th=1&psc=1">View Product</a></div><div class="product"><a href="https://www.amazon.com/dp/B0CGF22134?tag=eloabder-20&linkCode=osi&th=1&psc=1"><img src="https://m.media-amazon.com/images/I/41FzLgeXAyL._SL500_.jpg" alt="Product Image"></a><p>MSKKSM Legal Pads 8.5 x 11, 3 Pack Yellow Note Pads 8.5 x 11 Writing Pads, Wide Ruled Legal Notepads, Lined Pads of Paper Yellow Paper Pads, 30 Sheets Per Notepad for School, Home, Office, Business</p><p> -17% 0FF </p><p>$9.99</p><a href="https://www.amazon.com/dp/B0CGF22134?tag=eloabder-20&linkCode=osi&th=1&psc=1">View Product</a></div><div class="product"><a href="https://www.amazon.com/dp/B0FCMWHFC2?tag=eloabder-20&linkCode=osi&th=1&psc=1"><img src="https://m.media-amazon.com/images/I/41MMVFB-S4L._SL500_.jpg" alt="Product Image"></a><p>5pcs Legal Pads 8.5 x 11, Notepads 8.5 x 11 Inch, Color Note Pads Clear Print Writing Pads of Paper, Memo Pads , Perforate Legal Notepads Paper , Wide Ruled Lined with Sturdy Back,30 Sheets/Pack</p><p> -8% 0FF </p><p>$11.99</p><a href="https://www.amazon.com/dp/B0FCMWHFC2?tag=eloabder-20&linkCode=osi&th=1&psc=1">View Product</a></div>
<div class="product"><a href="https://www.amazon.com/dp/B08H593JZG?tag=eloabder-20&linkCode=osi&th=1&psc=1"><img src="https://m.media-amazon.com/images/I/415Ykzo-lyL._SL500_.jpg" alt="Product Image"></a><p>Eastern Wolf 8 Pads Sticky Notes 3x3 Self-Stick Notes 8 Bright Multi Colors Purple Sticky Notes, 85 Sheet/Pad</p><p> -20% 0FF </p><p>$5.59</p><a href="https://www.amazon.com/dp/B08H593JZG?tag=eloabder-20&linkCode=osi&th=1&psc=1">View Product</a></div><div class="product"><a href="https://www.amazon.com/dp/B0BPJW13CM?tag=eloabder-20&linkCode=osi&th=1&psc=1"><img src="https://m.media-amazon.com/images/I/41uKwTyz1rL._SL500_.jpg" alt="Product Image"></a><p>Post-it 100% Recycled Paper Super Sticky Notes, 2X The Sticking Power, 3x3 in, 5 Pads, 70 Sheets/Pad, Wanderlust Pastels Collection (654R-5SSNRP)</p><p> -33% 0FF </p><p>$5.98</p><a href="https://www.amazon.com/dp/B0BPJW13CM?tag=eloabder-20&linkCode=osi&th=1&psc=1">View Product</a></div><div class="product"><a href="https://www.amazon.com/dp/B0D6RPPK9H?tag=eloabder-20&linkCode=osi&th=1&psc=1"><img src="https://m.media-amazon.com/images/I/41O8zZ-RN4L._SL500_.jpg" alt="Product Image"></a><p>(18 Pads) Sticky Notes 3x3 inch, Self-Stick Pads Bright Colors Sticky Note, Recyclable, Easy to Post for Home, Office, Notebook</p><p> -40% 0FF </p><p>$8.39</p><a href="https://www.amazon.com/dp/B0D6RPPK9H?tag=eloabder-20&linkCode=osi&th=1&psc=1">View Product</a></div><div class="product"><a href="https://www.amazon.com/dp/B0CMGJ6FRB?tag=eloabder-20&linkCode=osi&th=1&psc=1"><img src="https://m.media-amazon.com/images/I/41xF9DqIGZL._SL500_.jpg" alt="Product Image"></a><p>Sticky Notes, 12 Pads, 3x3 inches, Soft Pastel Self-Stick Note Pads, Perfect for Office, Study, and Daily Life Organization - Soft Pastel</p><p> -16% 0FF </p><p>$5.06</p><a href="https://www.amazon.com/dp/B0CMGJ6FRB?tag=eloabder-20&linkCode=osi&th=1&psc=1">View Product</a></div>
<div class="product"><a href="https://www.amazon.com/dp/B07VRYX57R?tag=eloabder-20&linkCode=osi&th=1&psc=1"><img src="https://m.media-amazon.com/images/I/410XbLRqukL._SL500_.jpg" alt="Product Image"></a><p>(24 Pack) Sticky Notes 3x3 in Post Bright Stickies Colorful Super Sticking Power Memo Pads, Strong Adhesive, 74 Sheets/pad</p><p> -35% 0FF </p><p>$16.99</p><a href="https://www.amazon.com/dp/B07VRYX57R?tag=eloabder-20&linkCode=osi&th=1&psc=1">View Product</a></div><div class="product"><a href="https://www.amazon.com/dp/B00QSR9PRI?tag=eloabder-20&linkCode=osi&th=1&psc=1"><img src="https://m.media-amazon.com/images/I/31n-YNlgraL._SL500_.jpg" alt="Product Image"></a><p>Amazon Basics Narrow Ruled Lined Writing Note Pad, 5 inch x 8 inch, White, 12 Count (12 Pack of 50 pages)</p><p> -6% 0FF </p><p>$8.78</p><a href="https://www.amazon.com/dp/B00QSR9PRI?tag=eloabder-20&linkCode=osi&th=1&psc=1">View Product</a></div><div class="product"><a href="https://www.amazon.com/dp/B0D5M4D3NN?tag=eloabder-20&linkCode=osi&th=1&psc=1"><img src="https://m.media-amazon.com/images/I/41uzPvHBCDL._SL500_.jpg" alt="Product Image"></a><p>(12 Pack) Lined Sticky Notes 4x6 in Ruled Stickies Super Sticking Power Memo Pads Bright Colors</p><p> -40% 0FF </p><p>$8.98</p><a href="https://www.amazon.com/dp/B0D5M4D3NN?tag=eloabder-20&linkCode=osi&th=1&psc=1">View Product</a></div><div class="product"><a href="https://www.amazon.com/dp/B0CQK3M5VK?tag=eloabder-20&linkCode=osi&th=1&psc=1"><img src="https://m.media-amazon.com/images/I/31jKEzc1qFL._SL500_.jpg" alt="Product Image"></a><p>Note Pads 4x6 Inch, 6 Pack Blank Scratch Pads, 50 Sheets Per Memo Pad for Writing, White Pad of Paper Suit for Home, Office and School, Tear off Notepad, Small Server Notebook</p><p> -10% 0FF </p><p>$6.29</p><a href="https://www.amazon.com/dp/B0CQK3M5VK?tag=eloabder-20&linkCode=osi&th=1&psc=1">View Product</a></div>
<div class="product"><a href="https://www.amazon.com/dp/B0F5D4VNBX?tag=eloabder-20&linkCode=osi&th=1&psc=1"><img src="https://m.media-amazon.com/images/I/41SnXbixNcL._SL500_.jpg" alt="Product Image"></a><p>Blue Sky 2026 Weekly and Monthly Planner Calendar, Includes January 2026 - December 2026, 5" x 8", Flexible Cover, Wirebound, Laminated Tabs, Enterprise</p><p> -10% 0FF </p><p>$8.99</p><a href="https://www.amazon.com/dp/B0F5D4VNBX?tag=eloabder-20&linkCode=osi&th=1&psc=1">View Product</a></div><div class="product"><a href="https://www.amazon.com/dp/B0FRNQDRCR?tag=eloabder-20&linkCode=osi&th=1&psc=1"><img src="https://m.media-amazon.com/images/I/51rBf1oJchL._SL500_.jpg" alt="Product Image"></a><p>Essential PRO 2026 Daily, Weekly & Monthly Planner, 7"x9": 14 Months (Nov 2025 - Dec 2026) Monthly Tabs,Daily Tracking,Notes Pages,Storage Pocket,Bookmark w Sticky Notes (Tree Seasons)</p><p> -14% 0FF </p><p>$29.95</p><a href="https://www.amazon.com/dp/B0FRNQDRCR?tag=eloabder-20&linkCode=osi&th=1&psc=1">View Product</a></div><div class="product"><a href="https://www.amazon.com/dp/B0DYBQWJ5S?tag=eloabder-20&linkCode=osi&th=1&psc=1"><img src="https://m.media-amazon.com/images/I/41UP6Ui7BjL._SL500_.jpg" alt="Product Image"></a><p>AT-A-GLANCE 2026 Appointment Book Planner, Weekly, 8" x 11", Large, Quarter-Hourly, DayMinder, Black (G5200026)</p><p> -45% 0FF </p><p>$15.87</p><a href="https://www.amazon.com/dp/B0DYBQWJ5S?tag=eloabder-20&linkCode=osi&th=1&psc=1">View Product</a></div><div class="product"><a href="https://www.amazon.com/dp/B0DJ8SXCR4?tag=eloabder-20&linkCode=osi&th=1&psc=1"><img src="https://m.media-amazon.com/images/I/41sRmmLvCsL._SL500_.jpg" alt="Product Image"></a><p>Planner 2025-2026, Weekly and Monthly Calendar Academic Planner (July 2025 - June 2026), Hardcover Teacher School Student Agenda with Tabs, Ideal for School Office Supplies, A5 (6.3" x 8.5") - Green</p><p> -25% 0FF </p><p>$8.99</p><a href="https://www.amazon.com/dp/B0DJ8SXCR4?tag=eloabder-20&linkCode=osi&th=1&psc=1">View Product</a></div><div class="product"><a href="https://www.amazon.com/dp/B0D2VW43KP?tag=eloabder-20&linkCode=osi&th=1&psc=1"><img src="https://m.media-amazon.com/images/I/41eyA1Q1U4L._SL500_.jpg" alt="Product Image"></a><p>Forvencer 2026 Planner, Hardcover Calendar Planner Weekly and Monthly, January 2026 - December 2026, 8.5" x 11", Spiral Agenda Book with Tabs, Exquisite Daily Journal with Inner Pocket, Organizer Notebook for Office Home School, A4 Size, Green</p><p> -41% 0FF </p><p>$9.99</p><a href="https://www.amazon.com/dp/B0D2VW43KP?tag=eloabder-20&linkCode=osi&th=1&psc=1">View Product</a></div>
<div class="product"><a href="https://www.amazon.com/dp/B0DYBYRY3R?tag=eloabder-20&linkCode=osi&th=1&psc=1"><img src="https://m.media-amazon.com/images/I/41oxPcKnCuL._SL500_.jpg" alt="Product Image"></a><p>AT-A-GLANCE 2026 Desk Calendar, Monthly, Desk Pad, 21-3/4" x 17", Large, Ruled Blocks (SK240026)</p><p> -19% 0FF </p><p>$11.89</p><a href="https://www.amazon.com/dp/B0DYBYRY3R?tag=eloabder-20&linkCode=osi&th=1&psc=1">View Product</a></div><div class="product"><a href="https://www.amazon.com/dp/B0DXQ416QR?tag=eloabder-20&linkCode=osi&th=1&psc=1"><img src="https://m.media-amazon.com/images/I/41o3YUjfIVL._SL500_.jpg" alt="Product Image"></a><p>Aesthetic 2025-2026 Wall Calendar - Runs from May 2025 Until December 2026 - The Perfect Modern Calendar Planner for Easy Organizing</p><p> -43% 0FF </p><p>$3.99</p><a href="https://www.amazon.com/dp/B0DXQ416QR?tag=eloabder-20&linkCode=osi&th=1&psc=1">View Product</a></div><div class="product"><a href="https://www.amazon.com/dp/B0CCRXKSK8?tag=eloabder-20&linkCode=osi&th=1&psc=1"><img src="https://m.media-amazon.com/images/I/51eOdkimr+L._SL500_.jpg" alt="Product Image"></a><p>SUNEE Wall Calendar 2025-2026 Large 22.75"x15.5", 21 Month Calendar from October 2025 to June 2027, Vertical Extra Large Monthly Calendar 2026 for Wall, Seasons Color</p><p> -24% 0FF </p><p>$15.19</p><a href="https://www.amazon.com/dp/B0CCRXKSK8?tag=eloabder-20&linkCode=osi&th=1&psc=1">View Product</a></div><div class="product"><a href="https://www.amazon.com/dp/B0F7HZ7C9G?tag=eloabder-20&linkCode=osi&th=1&psc=1"><img src="https://m.media-amazon.com/images/I/41rkKO18HGL._SL500_.jpg" alt="Product Image"></a><p>Beautiful 2025-2026 Wall Calendar - Runs from July 2025 until December 2026 – Large 14.5" x 11.5" Office Wall Calendar for Easy Organizing</p><p> -10% 0FF </p><p>$8.99</p><a href="https://www.amazon.com/dp/B0F7HZ7C9G?tag=eloabder-20&linkCode=osi&th=1&psc=1">View Product</a></div><div class="product"><a href="https://www.amazon.com/dp/B0DYDC7ZLV?tag=eloabder-20&linkCode=osi&th=1&psc=1"><img src="https://m.media-amazon.com/images/I/51MOLWJ45HL._SL500_.jpg" alt="Product Image"></a><p>XISIDO 2025-2026 Wall Calendar, Calendar 2025-2026, 18 Month Calendar July 2025 - December 2026, 14.8" X 11.5", Calendar with Twin-Wire Binding, Hanging Hook and Julian Dates (Seasonal Designs)</p><p> -20% 0FF </p><p>$7.99</p><a href="https://www.amazon.com/dp/B0DYDC7ZLV?tag=eloabder-20&linkCode=osi&th=1&psc=1">View Product</a></div><div class="product"><a href="https://www.amazon.com/dp/B0D2KCVBBD?tag=eloabder-20&linkCode=osi&th=1&psc=1"><img src="https://m.media-amazon.com/images/I/51Eg-3ZKZxL._SL500_.jpg" alt="Product Image"></a><p>XISIDO Calendar 2025-2026, 18 Months Wall Calendar July 2025 to Dec 2026 Calendar with Julian Dates, 11" X 8.5" (Colorful)</p><p> -33% 0FF </p><p>$3.99</p><a href="https://www.amazon.com/dp/B0D2KCVBBD?tag=eloabder-20&linkCode=osi&th=1&psc=1">View Product</a></div><div class="product"><a href="https://www.amazon.com/dp/B0DY7R9226?tag=eloabder-20&linkCode=osi&th=1&psc=1"><img src="https://m.media-amazon.com/images/I/41eTUjCfzFL._SL500_.jpg" alt="Product Image"></a><p>Lbylyhxc Wall Calendar 2025-2026 - Runs from July 2025 to December 2026-18 Monthly Calendar 2026. Thick Paper includes major holidays and dedicated space for notes and important dates (Colorful Calendar 2025-2026)</p><p> -50% 0FF </p><p>$2.49</p><a href="https://www.amazon.com/dp/B0DY7R9226?tag=eloabder-20&linkCode=osi&th=1&psc=1">View Product</a></div>
<div class="product"><a href="https://www.amazon.com/dp/B00NI5LVAW?tag=eloabder-20&linkCode=osi&th=1&psc=1"><img src="https://m.media-amazon.com/images/I/31X0RgqQ1ML._SL500_.jpg" alt="Product Image"></a><p>Pendaflex File Folders, Letter Size, 1/3 Cut, Manila, 250 per Box (752250)</p><p> -11% 0FF </p><p>$26.50</p><a href="https://www.amazon.com/dp/B00NI5LVAW?tag=eloabder-20&linkCode=osi&th=1&psc=1">View Product</a></div><div class="product"><a href="https://www.amazon.com/dp/B0D1YBFHS8?tag=eloabder-20&linkCode=osi&th=1&psc=1"><img src="https://m.media-amazon.com/images/I/41qkHxiS+vL._SL500_.jpg" alt="Product Image"></a><p>SUNEE File Folders, 30 Pack Manilla Folders 8.5 x 11, Colored File Folders Home Office School Supplies for Documents Files Paper, 6 Assorted Colors</p><p> -26% 0FF </p><p>$9.99</p><a href="https://www.amazon.com/dp/B0D1YBFHS8?tag=eloabder-20&linkCode=osi&th=1&psc=1">View Product</a></div><div class="product"><a href="https://www.amazon.com/dp/B000DZ9XGO?tag=eloabder-20&linkCode=osi&th=1&psc=1"><img src="https://m.media-amazon.com/images/I/31WKzTB-4WL._SL500_.jpg" alt="Product Image"></a><p>Oxford Two-Pocket Folders, Assorted Colors, Letter Size, 25 per box (57513)</p><p> -32% 0FF </p><p>$12.23</p><a href="https://www.amazon.com/dp/B000DZ9XGO?tag=eloabder-20&linkCode=osi&th=1&psc=1">View Product</a></div><div class="product"><a href="https://www.amazon.com/dp/B0F8H75MLS?tag=eloabder-20&linkCode=osi&th=1&psc=1"><img src="https://m.media-amazon.com/images/I/41GV18+8+zL._SL500_.jpg" alt="Product Image"></a><p>Plastic Folders with Pockets, 6 Pack Document Folders with Business Card Slot, 2 Pocket Folders Back to School Supplies for Kids, Office</p><p> -33% 0FF </p><p>$5.99</p><a href="https://www.amazon.com/dp/B0F8H75MLS?tag=eloabder-20&linkCode=osi&th=1&psc=1">View Product</a></div><div class="product"><a href="https://www.amazon.com/dp/B0CPDTKFVF?tag=eloabder-20&linkCode=osi&th=1&psc=1"><img src="https://m.media-amazon.com/images/I/41PQ8ToLyhL._SL500_.jpg" alt="Product Image"></a><p>Aegero Plastic Folders with Pockets (7 Pack, Assorted Colors), Durable Heavy Duty File Folders with Business Card Slot, 2-Pocket Folder for Schoolwork & Office,Letter Size…</p><p> -11% 0FF </p><p>$7.99</p><a href="https://www.amazon.com/dp/B0CPDTKFVF?tag=eloabder-20&linkCode=osi&th=1&psc=1">View Product</a></div>
<div class="product"><a href="https://www.amazon.com/dp/B0CSPT4RFH?tag=eloabder-20&linkCode=osi&th=1&psc=1"><img src="https://m.media-amazon.com/images/I/31O8kdFg7FL._SL500_.jpg" alt="Product Image"></a><p>Two Tone Color File Folders 8.5 x 11 Inch, 1/3 Cut Tab File Folders Letter Size, Assorted Colors, Blue Red Green Yellow Orange Manila File Folders, School Business Office Folders for Document -15 Pack</p><p> -13% 0FF </p><p>$6.99</p><a href="https://www.amazon.com/dp/B0CSPT4RFH?tag=eloabder-20&linkCode=osi&th=1&psc=1">View Product</a></div><div class="product"><a href="https://www.amazon.com/dp/B01MXC0YS5?tag=eloabder-20&linkCode=osi&th=1&psc=1"><img src="https://m.media-amazon.com/images/I/41YLerNwKTL._SL500_.jpg" alt="Product Image"></a><p>Pendaflex Hanging File Folders, Letter Size, Assorted Colors, 1/5-Cut Adjustable Tabs, 25 Per Box (81663)</p><p> -7% 0FF </p><p>$13.99</p><a href="https://www.amazon.com/dp/B01MXC0YS5?tag=eloabder-20&linkCode=osi&th=1&psc=1">View Product</a></div><div class="product"><a href="https://www.amazon.com/dp/B0896Q5MMC?tag=eloabder-20&linkCode=osi&th=1&psc=1"><img src="https://m.media-amazon.com/images/I/41jDOLSqtWL._SL500_.jpg" alt="Product Image"></a><p>Pendaflex Two Tone Color File Folders, Letter Size, Assorted Colors (Teal, Violet, Gray, Navy and Burgundy), 1/3-Cut Tabs, 5 Color, 100/Box, (02315)</p><p> -27% 0FF </p><p>$13.89</p><a href="https://www.amazon.com/dp/B0896Q5MMC?tag=eloabder-20&linkCode=osi&th=1&psc=1">View Product</a></div><div class="product"><a href="https://www.amazon.com/dp/B0D1YCC6KK?tag=eloabder-20&linkCode=osi&th=1&psc=1"><img src="https://m.media-amazon.com/images/I/31aHHvZVc+L._SL500_.jpg" alt="Product Image"></a><p>SUNEE File Folders, 30 Pack Manilla Folders 8.5 x 11, Colored File Folders Home Office School Supplies for Documents Files Paper,6 Pastel Colors</p><p> -26% 0FF </p><p>$9.99</p><a href="https://www.amazon.com/dp/B0D1YCC6KK?tag=eloabder-20&linkCode=osi&th=1&psc=1">View Product</a></div>
<div class="product"><a href="https://www.amazon.com/dp/B0FGXLHFDD?tag=eloabder-20&linkCode=osi&th=1&psc=1"><img src="https://m.media-amazon.com/images/I/414ng1TKsOL._SL500_.jpg" alt="Product Image"></a><p>Trandraft Plastic Extra Capacity Hanging File Folders, 5 Inch Expanding Pocket with Movable Dividers, Letter Size Black File Folders with Insertable Tabs for Filing Cabine</p><p> -5% 0FF </p><p>$18.99</p><a href="https://www.amazon.com/dp/B0FGXLHFDD?tag=eloabder-20&linkCode=osi&th=1&psc=1">View Product</a></div><div class="product"><a href="https://www.amazon.com/dp/B08QTW4GJT?tag=eloabder-20&linkCode=osi&th=1&psc=1"><img src="https://m.media-amazon.com/images/I/41OVgNttdnL._SL500_.jpg" alt="Product Image"></a><p>Pendaflex Reinforced Hanging Folders, Letter Size, Assorted Colors 1/5 Cut, Tabs and Inserts, 25 Per Box (41522AMZ)</p><p> -32% 0FF </p><p>$13.99</p><a href="https://www.amazon.com/dp/B08QTW4GJT?tag=eloabder-20&linkCode=osi&th=1&psc=1">View Product</a></div><div class="product"><a href="https://www.amazon.com/dp/B07Y67ZCJS?tag=eloabder-20&linkCode=osi&th=1&psc=1"><img src="https://m.media-amazon.com/images/I/51g37Wkw2CL._SL500_.jpg" alt="Product Image"></a><p>EASEPRES 5 Pocket Mesh Hanging Wall File Organizer, Wall Mounted Mail Paper Document Folder Holder, Clipboard Storage Organization Magazine Rack with Nametag Label for Office Home School, Black</p><p> -30% 0FF </p><p>$22.99</p><a href="https://www.amazon.com/dp/B07Y67ZCJS?tag=eloabder-20&linkCode=osi&th=1&psc=1">View Product</a></div><div class="product"><a href="https://www.amazon.com/dp/B0CGWNNBCV?tag=eloabder-20&linkCode=osi&th=1&psc=1"><img src="https://m.media-amazon.com/images/I/31SGzCfPDcL._SL500_.jpg" alt="Product Image"></a><p>SUNEE 25 Count Hanging File Folders, Pastel Colors, Hanging File Folders Letter Size, Hanging Folders with 1/5-cut Tabs, Designed for Bulky Files, Filing Cabinets, Medical Charts</p><p> -15% 0FF </p><p>$16.99</p><a href="https://www.amazon.com/dp/B0CGWNNBCV?tag=eloabder-20&linkCode=osi&th=1&psc=1">View Product</a></div><div class="product"><a href="https://www.amazon.com/dp/B00006IF4G?tag=eloabder-20&linkCode=osi&th=1&psc=1"><img src="https://m.media-amazon.com/images/I/31LuYqWSObL._SL500_.jpg" alt="Product Image"></a><p>Smead Standard Hanging File Folders, 25 Count, Assorted Primaries, 1/5-Cut Adjustable Tabs, Letter Size (64059)</p><p> -7% 0FF </p><p>$13.55</p><a href="https://www.amazon.com/dp/B00006IF4G?tag=eloabder-20&linkCode=osi&th=1&psc=1">View Product</a></div>
<div class="product"><a href="https://www.amazon.com/dp/B0C77GP9XB?tag=eloabder-20&linkCode=osi&th=1&psc=1"><img src="https://m.media-amazon.com/images/I/415Jszg3LKL._SL500_.jpg" alt="Product Image"></a><p>SKYDUE Expanding File Organizer with 8 Pockets, Accordion File Folders with Labels, Portable Document Paper Bill Receipt Organizer, Home College School Office Supplies, Letter Size, Blue</p><p> -13% 0FF </p><p>$6.98</p><a href="https://www.amazon.com/dp/B0C77GP9XB?tag=eloabder-20&linkCode=osi&th=1&psc=1">View Product</a></div><div class="product"><a href="https://www.amazon.com/dp/B0013CETUQ?tag=eloabder-20&linkCode=osi&th=1&psc=1"><img src="https://m.media-amazon.com/images/I/51GxTzd4XbL._SL500_.jpg" alt="Product Image"></a><p>Pendaflex R217DHD Heavy-Duty Expanding Open Top File, 31 Pockets, 1/3 Tab, Letter, Brown</p><p> -36% 0FF </p><p>$15.90</p><a href="https://www.amazon.com/dp/B0013CETUQ?tag=eloabder-20&linkCode=osi&th=1&psc=1">View Product</a></div><div class="product"><a href="https://www.amazon.com/dp/B000UHJCZC?tag=eloabder-20&linkCode=osi&th=1&psc=1"><img src="https://m.media-amazon.com/images/I/31bbG1gUU2L._SL500_.jpg" alt="Product Image"></a><p>Pendaflex Expanding File Pockets, Letter Size, Redrope, 3.5" Expansion, Reinforced with DuPont™ Tyvek® Material, Redrope, 25 per Box (1524E-OX)</p><p> -9% 0FF </p><p>$27.37</p><a href="https://www.amazon.com/dp/B000UHJCZC?tag=eloabder-20&linkCode=osi&th=1&psc=1">View Product</a></div><div class="product"><a href="https://www.amazon.com/dp/B000FD9YHM?tag=eloabder-20&linkCode=osi&th=1&psc=1"><img src="https://m.media-amazon.com/images/I/511Yz6zbRaL._SL500_.jpg" alt="Product Image"></a><p>Pendaflex Heavy Duty Expanding File with Extra-Thick Cover, Tyvek Reinforced Edges, 21 Pockets, A–Z Tabs, Elastic Cord Closure, Letter Size (R117ALHD),Brown</p><p> -14% 0FF </p><p>$14.99</p><a href="https://www.amazon.com/dp/B000FD9YHM?tag=eloabder-20&linkCode=osi&th=1&psc=1">View Product</a></div>
<div class="product"><a href="https://www.amazon.com/dp/B07GKPZDG4?tag=eloabder-20&linkCode=osi&th=1&psc=1"><img src="https://m.media-amazon.com/images/I/51sUuF8kU-L._SL500_.jpg" alt="Product Image"></a><p>Cardinal Economy 3 Ring Binder, 1.5 Inch, Presentation View, Black, Holds 350 Sheets, Nonstick, PVC Free, 4 Pack of Binders (79519)</p><p> -42% 0FF </p><p>$9.19</p><a href="https://www.amazon.com/dp/B07GKPZDG4?tag=eloabder-20&linkCode=osi&th=1&psc=1">View Product</a></div><div class="product"><a href="https://www.amazon.com/dp/B0BF57LL4V?tag=eloabder-20&linkCode=osi&th=1&psc=1"><img src="https://m.media-amazon.com/images/I/317fBolZ+4L._SL500_.jpg" alt="Product Image"></a><p>1-inch 3 Ring Binder with 2 Interior Pockets, 1'' Basic Binders Holds US Letter Size 8.5'' x 11'' Paper - Versatile Binders for Office, Home, and School Use, 6 Pack (White)</p><p> -15% 0FF </p><p>$24.64</p><a href="https://www.amazon.com/dp/B0BF57LL4V?tag=eloabder-20&linkCode=osi&th=1&psc=1">View Product</a></div><div class="product"><a href="https://www.amazon.com/dp/B0BXKQ7YTW?tag=eloabder-20&linkCode=osi&th=1&psc=1"><img src="https://m.media-amazon.com/images/I/416TyBdEZYL._SL500_.jpg" alt="Product Image"></a><p>SUNEE 3 Ring Binder 1 Inch 4 Pack, Clear View 1" Binders Three Ring PVC-Free (Fit 8.5x11 Inches) for School or Office Supplies, Assorted Pastel</p><p> -17% 0FF </p><p>$14.85</p><a href="https://www.amazon.com/dp/B0BXKQ7YTW?tag=eloabder-20&linkCode=osi&th=1&psc=1">View Product</a></div><div class="product"><a href="https://www.amazon.com/dp/B0D2ZF8FHZ?tag=eloabder-20&linkCode=osi&th=1&psc=1"><img src="https://m.media-amazon.com/images/I/31smaJgK7vL._SL500_.jpg" alt="Product Image"></a><p>BinderX Extra Durable 3 Ring Binder, Round Rings 1 Inch Binder, Fits 175 Sheets of 8.5x11 Paper, Customizable View Cover with Inside Pockets, Cute 1" Binders, 1 Inch Binders 3 Ring, Pink</p><p> -36% 0FF </p><p>$8.99</p><a href="https://www.amazon.com/dp/B0D2ZF8FHZ?tag=eloabder-20&linkCode=osi&th=1&psc=1">View Product</a></div><div class="product"><a href="https://www.amazon.com/dp/B001B0GJDU?tag=eloabder-20&linkCode=osi&th=1&psc=1"><img src="https://m.media-amazon.com/images/I/41vpkaYBqsL._SL500_.jpg" alt="Product Image"></a><p>Avery Heavy-Duty View 3 Ring Binder, 1" One Touch Slant Rings, Holds 8.5" x 11" Paper, 1 Black Binder (05300)</p><p> -46% 0FF </p><p>$5.89</p><a href="https://www.amazon.com/dp/B001B0GJDU?tag=eloabder-20&linkCode=osi&th=1&psc=1">View Product</a></div>
<div class="product"><a href="https://www.amazon.com/dp/B092CM3KVX?tag=eloabder-20&linkCode=osi&th=1&psc=1"><img src="https://m.media-amazon.com/images/I/51kltWaLgmL._SL500_.jpg" alt="Product Image"></a><p>Avery Write & Erase Dividers for 3 Ring Binders, 8 Tabs per Set, Multicolor Big Tabs, Pastels, Binder Dividers Great for Organizing Reports, Projects, and More (16271)</p><p> -31% 0FF </p><p>$3.90</p><a href="https://www.amazon.com/dp/B092CM3KVX?tag=eloabder-20&linkCode=osi&th=1&psc=1">View Product</a></div><div class="product"><a href="https://www.amazon.com/dp/B08WBYPVGJ?tag=eloabder-20&linkCode=osi&th=1&psc=1"><img src="https://m.media-amazon.com/images/I/31NPQ52TfAL._SL500_.jpg" alt="Product Image"></a><p>Oxford Blank Write On Binder Dividers, 1/5 Cut Tabs, 3 Hole Punch Dividers in 5 Tab Sets, 100 Dividers, 20 Sets, White (89981)</p><p> -5% 0FF </p><p>$15.19</p><a href="https://www.amazon.com/dp/B08WBYPVGJ?tag=eloabder-20&linkCode=osi&th=1&psc=1">View Product</a></div><div class="product"><a href="https://www.amazon.com/dp/B0CZL39ZHS?tag=eloabder-20&linkCode=osi&th=1&psc=1"><img src="https://m.media-amazon.com/images/I/41APO6LBeCL._SL500_.jpg" alt="Product Image"></a><p>Forvencer 8 Count Dividers with Two Pockets, 8 tabs Binder Dividers for 3 Ring Binder Organizer, Multicolor, 1 Set</p><p> -25% 0FF </p><p>$5.99</p><a href="https://www.amazon.com/dp/B0CZL39ZHS?tag=eloabder-20&linkCode=osi&th=1&psc=1">View Product</a></div><div class="product"><a href="https://www.amazon.com/dp/B01FKMCNL6?tag=eloabder-20&linkCode=osi&th=1&psc=1"><img src="https://m.media-amazon.com/images/I/510vgT9G85L._SL500_.jpg" alt="Product Image"></a><p>Avery Binder Dividers - 5-Tab Insertable Multicolor Big Tabs for Binders, 6 Sets of Dividers (11109)</p><p> -11% 0FF </p><p>$5.78</p><a href="https://www.amazon.com/dp/B01FKMCNL6?tag=eloabder-20&linkCode=osi&th=1&psc=1">View Product</a></div><div class="product"><a href="https://www.amazon.com/dp/B0CQ4YNHX8?tag=eloabder-20&linkCode=osi&th=1&psc=1"><img src="https://m.media-amazon.com/images/I/315hb+NtGGL._SL500_.jpg" alt="Product Image"></a><p>Binder Dividers for 3 Ring Binder, 1/5 Cut Tabs, Letter Size, Blank Write On Page Dividers with 5 Big Tabs for School Office Home, 4 Sets, 20 Dividers, White</p><p> -14% 0FF </p><p>$5.98</p><a href="https://www.amazon.com/dp/B0CQ4YNHX8?tag=eloabder-20&linkCode=osi&th=1&psc=1">View Product</a></div><div class="product"><a href="https://www.amazon.com/dp/B01HC4KIVW?tag=eloabder-20&linkCode=osi&th=1&psc=1"><img src="https://m.media-amazon.com/images/I/412g1OcKv-L._SL500_.jpg" alt="Product Image"></a><p>Avery Big Tab Write & Erase Durable Plastic Dividers for 3 Ring Binders, 8-Tab Set, Bright Multicolor, 1 Set (16130)</p><p> -23% 0FF </p><p>$4.33</p><a href="https://www.amazon.com/dp/B01HC4KIVW?tag=eloabder-20&linkCode=osi&th=1&psc=1">View Product</a></div><div class="product"><a href="https://www.amazon.com/dp/B0000AQOB0?tag=eloabder-20&linkCode=osi&th=1&psc=1"><img src="https://m.media-amazon.com/images/I/51ek4ZNke4L._SL500_.jpg" alt="Product Image"></a><p>Avery 12 Tab Dividers for 3 Ring Binders, Customizable Table of Contents, Multicolor Tabs, 6 Sets (11196)</p><p> -36% 0FF </p><p>$17.99</p><a href="https://www.amazon.com/dp/B0000AQOB0?tag=eloabder-20&linkCode=osi&th=1&psc=1">View Product</a></div>
<div class="product"><a href="https://www.amazon.com/dp/B07R795LTM?tag=eloabder-20&linkCode=osi&th=1&psc=1"><img src="https://m.media-amazon.com/images/I/31OAmU6E5kL._SL500_.jpg" alt="Product Image"></a><p>Amazon Basics Polypropylene (PP) Sheet Protector, Non-Glare, 200 Pack, Clear</p><p> -13% 0FF </p><p>$10.40</p><a href="https://www.amazon.com/dp/B07R795LTM?tag=eloabder-20&linkCode=osi&th=1&psc=1">View Product</a></div><div class="product"><a href="https://www.amazon.com/dp/B0D62ZBV24?tag=eloabder-20&linkCode=osi&th=1&psc=1"><img src="https://m.media-amazon.com/images/I/41n9XbYoyhL._SL500_.jpg" alt="Product Image"></a><p>Aegero 65 Pack Clear Sheet Protectors, 8.5 x 11 inch Page Protectors for 3 Ring Binder,Top Loading Paper Protector for Documents and Photos,Letter Size</p><p> -20% 0FF </p><p>$3.99</p><a href="https://www.amazon.com/dp/B0D62ZBV24?tag=eloabder-20&linkCode=osi&th=1&psc=1">View Product</a></div><div class="product"><a href="https://www.amazon.com/dp/B08CMG5MCB?tag=eloabder-20&linkCode=osi&th=1&psc=1"><img src="https://m.media-amazon.com/images/I/410BZVBSLLL._SL500_.jpg" alt="Product Image"></a><p>Sheet Protectors, PANDRI 500 Pack Clear Heavy Duty Plastic Page Protectors Sheet Reinforced 11-Hole Fit for 3 Ring Binder Fits Standard 8.5 x 11 Paper, 9.25 x 11.25 Top Loaded, Excluding Acid</p><p> -15% 0FF </p><p>$22.94</p><a href="https://www.amazon.com/dp/B08CMG5MCB?tag=eloabder-20&linkCode=osi&th=1&psc=1">View Product</a></div><div class="product"><a href="https://www.amazon.com/dp/B0DZ6J73VW?tag=eloabder-20&linkCode=osi&th=1&psc=1"><img src="https://m.media-amazon.com/images/I/41NNzcs8bsL._SL500_.jpg" alt="Product Image"></a><p>TUOKCALB 50 Pack Clear Sheet Protectors for 3 Ring Binder, Polypropylene Acid-Free Material, 8.5 x 11 Inch Letter Size, Protector of Your Documents</p><p> -18% 0FF </p><p>$3.29</p><a href="https://www.amazon.com/dp/B0DZ6J73VW?tag=eloabder-20&linkCode=osi&th=1&psc=1">View Product</a></div><div class="product"><a href="https://www.amazon.com/dp/B0D294F9GZ?tag=eloabder-20&linkCode=osi&th=1&psc=1"><img src="https://m.media-amazon.com/images/I/41szN7I4ozL._SL500_.jpg" alt="Product Image"></a><p>Sheet Protectors 8.5 x11 Inch, 100 Pack Page Protectors for 3 Ring Binder, Top Loading Plastic Sleeves with Reinforced 3-Hole Punch for Binders, Letter Size, for Documents and Photos, Office Supplies.</p><p> -23% 0FF </p><p>$9.99</p><a href="https://www.amazon.com/dp/B0D294F9GZ?tag=eloabder-20&linkCode=osi&th=1&psc=1">View Product</a></div><div class="product"><a href="https://www.amazon.com/dp/B0D59XF4D3?tag=eloabder-20&linkCode=osi&th=1&psc=1"><img src="https://m.media-amazon.com/images/I/41EpBhN87iL._SL500_.jpg" alt="Product Image"></a><p>DOSEWART 70Pack Sheet Protectors, Clear Heavy Duty Plastic Page Protectors for 3 Ring Binder, Top Loading Sheet Protectors 8.5 x 11” for Photo, Paper, Document Protector</p><p> -43% 0FF </p><p>$3.99</p><a href="https://www.amazon.com/dp/B0D59XF4D3?tag=eloabder-20&linkCode=osi&th=1&psc=1">View Product</a></div>
<div class="product"><a href="https://www.amazon.com/dp/B000T9MP5U?tag=eloabder-20&linkCode=osi&th=1&psc=1"><img src="https://m.media-amazon.com/images/I/41zOycTbMML._SL500_.jpg" alt="Product Image"></a><p>Mead #10 Security Business Envelopes Letter Size 4-1/8" x 9-1/2" – Peel and Seal, Privacy Lined, No-Window, Press-It Seal-It Self-Adhesive for Home & Office Mailing, 45 Count (75026)</p><p> -13% 0FF </p><p>$3.57</p><a href="https://www.amazon.com/dp/B000T9MP5U?tag=eloabder-20&linkCode=osi&th=1&psc=1">View Product</a></div><div class="product"><a href="https://www.amazon.com/dp/B06VVLD2GL?tag=eloabder-20&linkCode=osi&th=1&psc=1"><img src="https://m.media-amazon.com/images/I/11zBoWnx9uL._SL500_.jpg" alt="Product Image"></a><p>Amazon Basics 10 Security-Tinted Self-Seal Business Letter Envelopes, Peel & Seal Adhesive Closure, White, 500-Pack</p><p> -5% 0FF </p><p>$18.04</p><a href="https://www.amazon.com/dp/B06VVLD2GL?tag=eloabder-20&linkCode=osi&th=1&psc=1">View Product</a></div><div class="product"><a href="https://www.amazon.com/dp/B07FMDV5LR?tag=eloabder-20&linkCode=osi&th=1&psc=1"><img src="https://m.media-amazon.com/images/I/41jTu3FDgaL._SL500_.jpg" alt="Product Image"></a><p>Quality Park #6 3/4 Self-Seal Security Envelopes, Security Tint and Pattern, Redi-Strip Closure, 24-lb White Wove, 3-5/8 x 6-1/2, 100/Box (QUA10417)</p><p> -23% 0FF </p><p>$4.99</p><a href="https://www.amazon.com/dp/B07FMDV5LR?tag=eloabder-20&linkCode=osi&th=1&psc=1">View Product</a></div>
<div class="product"><a href="https://www.amazon.com/dp/B00004Z5SM?tag=eloabder-20&linkCode=osi&th=1&psc=1"><img src="https://m.media-amazon.com/images/I/41LHX+FB2PL._SL500_.jpg" alt="Product Image"></a><p>Avery Easy Peel Printable Address Labels with Sure Feed, 1" x 2-5/8" Customizable Stickers, White, 750 Blank Mailing Labels, Great for Mailing, Shipping, and More (8160)</p><p> -48% 0FF </p><p>$8.99</p><a href="https://www.amazon.com/dp/B00004Z5SM?tag=eloabder-20&linkCode=osi&th=1&psc=1">View Product</a></div><div class="product"><a href="https://www.amazon.com/dp/B089LHX8Q6?tag=eloabder-20&linkCode=osi&th=1&psc=1"><img src="https://m.media-amazon.com/images/I/41+HcHENwbL._SL500_.jpg" alt="Product Image"></a><p>KKBESTPACK Half Sheet Shipping Labels for Laser and Inkjet Printers – 2 Per Page Self Adhesive Mailing Labels – White 8.5 x 5.5 (200 Labels) (2LP)</p><p> -10% 0FF </p><p>$9.86</p><a href="https://www.amazon.com/dp/B089LHX8Q6?tag=eloabder-20&linkCode=osi&th=1&psc=1">View Product</a></div><div class="product"><a href="https://www.amazon.com/dp/B001SN8ITI?tag=eloabder-20&linkCode=osi&th=1&psc=1"><img src="https://m.media-amazon.com/images/I/51vJip236KL._SL500_.jpg" alt="Product Image"></a><p>Avery Easy Peel Printable Address Labels with Sure Feed, 1" x 2-5/8" Customizable Stickers, White, 300 Blank Mailing Labels, Great for Mailing, Shipping, and More (18160)</p><p> -38% 0FF </p><p>$5.54</p><a href="https://www.amazon.com/dp/B001SN8ITI?tag=eloabder-20&linkCode=osi&th=1&psc=1">View Product</a></div><div class="product"><a href="https://www.amazon.com/dp/B0C2P8YTW2?tag=eloabder-20&linkCode=osi&th=1&psc=1"><img src="https://m.media-amazon.com/images/I/51EeHFqmTKL._SL500_.jpg" alt="Product Image"></a><p>FungLam 1" x 2-5/8" Shipping Address Labels 900 Label Stickers Paper for Laser/Inkjet Printer 30 per Page Printable Mailing Labels (30 Sheets, 900 Labels)</p><p> -25% 0FF </p><p>$5.99</p><a href="https://www.amazon.com/dp/B0C2P8YTW2?tag=eloabder-20&linkCode=osi&th=1&psc=1">View Product</a></div>
<div class="product"><a href="https://www.amazon.com/dp/B07X41JJXB?tag=eloabder-20&linkCode=osi&th=1&psc=1"><img src="https://m.media-amazon.com/images/I/31V4rpfdGtL._SL500_.jpg" alt="Product Image"></a><p>KKBESTPACK 100 Large Poly Mailers 10x13 Shipping Bags for Small Business – Self Sealing Package Envelopes (10 x 13 Pack of 100, Black)</p><p> -10% 0FF </p><p>$8.94 ($0.09 / Count)</p><a href="https://www.amazon.com/dp/B07X41JJXB?tag=eloabder-20&linkCode=osi&th=1&psc=1">View Product</a></div><div class="product"><a href="https://www.amazon.com/dp/B08C9T3997?tag=eloabder-20&linkCode=osi&th=1&psc=1"><img src="https://m.media-amazon.com/images/I/41CMEDIsQEL._SL500_.jpg" alt="Product Image"></a><p>Anylabel 2" x 3" Fragile Stickers for Shipping and Moving Please Handle with Care Fragile Thank You Do Not Drop, Warning Stickers Fragile Labels, Permanent Adhesive(500 Labels, 1 Roll)</p><p> -33% 0FF </p><p>$5.99</p><a href="https://www.amazon.com/dp/B08C9T3997?tag=eloabder-20&linkCode=osi&th=1&psc=1">View Product</a></div>

<div class="product"><a href="https://www.amazon.com/dp/B07S1JPBL3?tag=eloabder-20&linkCode=osi&th=1&psc=1"><img src="https://m.media-amazon.com/images/I/31f-QQIYroL._SL500_.jpg" alt="Product Image"></a><p>Amazon Basics Bubble Cushioning Wrap Packing Material for Fragile Items, Perforated, 12 inch x 175 ft Long Roll, Small 3/16", Clear</p><p> -6% 0FF </p><p>$21.99</p><a href="https://www.amazon.com/dp/B07S1JPBL3?tag=eloabder-20&linkCode=osi&th=1&psc=1">View Product</a></div><div class="product"><a href="https://www.amazon.com/dp/B0829D1D7V?tag=eloabder-20&linkCode=osi&th=1&psc=1"><img src="https://m.media-amazon.com/images/I/41azI2zaEYL._SL500_.jpg" alt="Product Image"></a><p>Bubble Cushioning Wrap Rolls, 3/16" x 12" x 72' ft Total [2 Rolls of 36 Feet] Perforated Every 12", 20 Fragile Stickers for Packaging, Shipping, Mailing</p><p> -14% 0FF </p><p>$18.99 ($9.50 / Count)</p><a href="https://www.amazon.com/dp/B0829D1D7V?tag=eloabder-20&linkCode=osi&th=1&psc=1">View Product</a></div><div class="product"><a href="https://www.amazon.com/dp/B011TB3UF0?tag=eloabder-20&linkCode=osi&th=1&psc=1"><img src="https://m.media-amazon.com/images/I/413RZYGr8kL._SL500_.jpg" alt="Product Image"></a><p>Duck Brand Bubble Wrap Original Protective Packaging, 12 Inches Wide x 30-Feet Long, Single Roll (393251), Clear</p><p> -26% 0FF </p><p>$8.85 ($0.30 / Sq Ft)</p><a href="https://www.amazon.com/dp/B011TB3UF0?tag=eloabder-20&linkCode=osi&th=1&psc=1">View Product</a></div>
<div class="product"><a href="https://www.amazon.com/dp/B016CV811U?tag=eloabder-20&linkCode=osi&th=1&psc=1"><img src="https://m.media-amazon.com/images/I/21hieSulLcL._SL500_.jpg" alt="Product Image"></a><p>MFLABEL Half Sheet Shipping Labels - 200 Self Adhesive Sticker Sheets for Laser & Inkjet Printers, Waterproof & Smudge-Free, with 12 Free Fragile Labels for Packaging, Shipping and Crafting</p><p> -5% 0FF </p><p>$9.49</p><a href="https://www.amazon.com/dp/B016CV811U?tag=eloabder-20&linkCode=osi&th=1&psc=1">View Product</a></div><div class="product"><a href="https://www.amazon.com/dp/B000093IJY?tag=eloabder-20&linkCode=osi&th=1&psc=1"><img src="https://m.media-amazon.com/images/I/51QdWTqr3AL._SL500_.jpg" alt="Product Image"></a><p>Avery Printable Shipping Labels with Sure Feed, 3-1/3" x 4", White, 150 Blank Mailing Labels (5264)</p><p> -20% 0FF </p><p>$13.62</p><a href="https://www.amazon.com/dp/B000093IJY?tag=eloabder-20&linkCode=osi&th=1&psc=1">View Product</a></div>
<div class="product"><a href="https://www.amazon.com/dp/B0B41X9SMT?tag=eloabder-20&linkCode=osi&th=1&psc=1"><img src="https://m.media-amazon.com/images/I/41CPFzKfW6L._SL500_.jpg" alt="Product Image"></a><p>Primy Drafting Chair Tall Office Chair with Flip-up Armrests Executive Ergonomic Computer Standing Desk Chair with Lumbar Support and Adjustable Footrest Ring (Black)</p><p> -16% 0FF </p><p>$108.96</p><a href="https://www.amazon.com/dp/B0B41X9SMT?tag=eloabder-20&linkCode=osi&th=1&psc=1">View Product</a></div><div class="product"><a href="https://www.amazon.com/dp/B0BFQX3YFY?tag=eloabder-20&linkCode=osi&th=1&psc=1"><img src="https://m.media-amazon.com/images/I/51+-fixEMUL._SL500_.jpg" alt="Product Image"></a><p>BlissTrends Foot Rest for Under Desk at Work-Versatile Foot Stool with Washable Cover-Comfortable Footrest with 2 Adjustable Heights for Car,Home and Office to Relieve Back,Lumbar,Knee Pain-Black</p><p> -39% 0FF </p><p>$18.99</p><a href="https://www.amazon.com/dp/B0BFQX3YFY?tag=eloabder-20&linkCode=osi&th=1&psc=1">View Product</a></div>

<div class="product"><a href="https://www.amazon.com/dp/B0033J6V3A?tag=eloabder-20&linkCode=osi&th=1&psc=1"><img src="https://m.media-amazon.com/images/I/21o5ASbichL._SL500_.jpg" alt="Product Image"></a><p>NuSparc 2 Drawer Locking Filing Cabinet | Pre-Assembled Steel Construction | Space-Saving Design is Perfect for Home and Small Office | Letter-Size | Assembled in North America</p><p> -14% 0FF </p><p>$76.99</p><a href="https://www.amazon.com/dp/B0033J6V3A?tag=eloabder-20&linkCode=osi&th=1&psc=1">View Product</a></div><div class="product"><a href="https://www.amazon.com/dp/B0D9XYD75W?tag=eloabder-20&linkCode=osi&th=1&psc=1"><img src="https://m.media-amazon.com/images/I/31VM3xK++PL._SL500_.jpg" alt="Product Image"></a><p>BYNSOE 2 Drawer File Cabinet with Lock Vertical Filing Storage Cabinet Office Home Steel Vertical File Cabinets for Letter Size File Cabinet Locked,Assembly Required</p><p> -8% 0FF </p><p>$54.99</p><a href="https://www.amazon.com/dp/B0D9XYD75W?tag=eloabder-20&linkCode=osi&th=1&psc=1">View Product</a></div><div class="product"><a href="https://www.amazon.com/dp/B0989HLF81?tag=eloabder-20&linkCode=osi&th=1&psc=1"><img src="https://m.media-amazon.com/images/I/51vzgnkbcjL._SL500_.jpg" alt="Product Image"></a><p>DEVAISE 3 Drawer Mobile File Cabinet, Wood Lateral Filing Cabinet, Printer Stand with Open Shelves for Home Office, Rustic Brown</p><p> -21% 0FF </p><p>$74.99</p><a href="https://www.amazon.com/dp/B0989HLF81?tag=eloabder-20&linkCode=osi&th=1&psc=1">View Product</a></div>
<div class="product"><a href="https://www.amazon.com/dp/B00006RSQD?tag=eloabder-20&linkCode=osi&th=1&psc=1"><img src="https://m.media-amazon.com/images/I/315rez3KpeL._SL500_.jpg" alt="Product Image"></a><p>Bush Business Furniture Series C 36W Tall 5 Shelf Bookcase in Hansen Cherry, Large Storage and Display Bookshelf for Home or Professional Office</p><p> -8% 0FF </p><p>$239.49</p><a href="https://www.amazon.com/dp/B00006RSQD?tag=eloabder-20&linkCode=osi&th=1&psc=1">View Product</a></div>
<div class="product"><a href="https://www.amazon.com/dp/B09F6JPYSY?tag=eloabder-20&linkCode=osi&th=1&psc=1"><img src="https://m.media-amazon.com/images/I/51fGLH7lhHL._SL500_.jpg" alt="Product Image"></a><p>SPACELEAD Slim Storage Cart 3 Tier,Bathroom Organizer Rolling Utility,Mobile Shelving Unit Slide Out for Office, Kitchen, Laundry Room & Narrow Places,Black</p><p> -30% 0FF </p><p>$20.99</p><a href="https://www.amazon.com/dp/B09F6JPYSY?tag=eloabder-20&linkCode=osi&th=1&psc=1">View Product</a></div><div class="product"><a href="https://www.amazon.com/dp/B08KFTVGQY?tag=eloabder-20&linkCode=osi&th=1&psc=1"><img src="https://m.media-amazon.com/images/I/51BjUEmGaiL._SL500_.jpg" alt="Product Image"></a><p>SONGMICS Cube Storage Organizer, Set of 16 Plastic Cubes, Closet Organizers and Storage, Room Organization, Bedroom Living Room, 12.2 x 48.4 x 48.4 Inches, Rustic Brown ULPC442A01</p><p> -15% 0FF </p><p>$46.99</p><a href="https://www.amazon.com/dp/B08KFTVGQY?tag=eloabder-20&linkCode=osi&th=1&psc=1">View Product</a></div><div class="product"><a href="https://www.amazon.com/dp/B0DG359YX5?tag=eloabder-20&linkCode=osi&th=1&psc=1"><img src="https://m.media-amazon.com/images/I/41OBXL4HJdL._SL500_.jpg" alt="Product Image"></a><p>VIVO Clamp-on 13 inch Above or Below Desk 2-Tier Shelving Unit for Table Accessories, Gaming Devices, and More, Storage Tray, Desktop Organizer, Rustic Vintage Brown, STAND-SHELF2C-N</p><p> -20% 0FF </p><p>$39.99</p><a href="https://www.amazon.com/dp/B0DG359YX5?tag=eloabder-20&linkCode=osi&th=1&psc=1">View Product</a></div><div class="product"><a href="https://www.amazon.com/dp/B0D7S5GGP6?tag=eloabder-20&linkCode=osi&th=1&psc=1"><img src="https://m.media-amazon.com/images/I/51EriWG2BLL._SL500_.jpg" alt="Product Image"></a><p>C&AHOME Wire Cube Storage, 9 - Cube Organizer Metal C Grids, Modular Shelves Units, Closet Organizer, Ideal for Home, Office, Living Room, 36.6”L x 12.4”W x 48.4”H, Silver Gray UWCS3009G</p><p> -33% 0FF </p><p>$28.87</p><a href="https://www.amazon.com/dp/B0D7S5GGP6?tag=eloabder-20&linkCode=osi&th=1&psc=1">View Product</a></div>
<div class="product"><a href="https://www.amazon.com/dp/B0B1M6ML2J?tag=eloabder-20&linkCode=osi&th=1&psc=1"><img src="https://m.media-amazon.com/images/I/51pX2Qo38JL._SL500_.jpg" alt="Product Image"></a><p>WOWBOX 25 PCS Clear Plastic Drawer Organizer Set, 4 Sizes Desk Drawer Divider Organizers and Storage Bins for Makeup, Jewelry, Gadgets for Kitchen, Bedroom, Bathroom, Office</p><p> -35% 0FF </p><p>$16.13 ($0.65 / Count)</p><a href="https://www.amazon.com/dp/B0B1M6ML2J?tag=eloabder-20&linkCode=osi&th=1&psc=1">View Product</a></div><div class="product"><a href="https://www.amazon.com/dp/B0DB8F7GDN?tag=eloabder-20&linkCode=osi&th=1&psc=1"><img src="https://m.media-amazon.com/images/I/51iOtKHzvCL._SL500_.jpg" alt="Product Image"></a><p>OPNICE Desk Organizer and Accessories, 2-Tier Computer Monitor Stand Riser with Drawer and 2 Pen Holders, Laptop Stand, Office Desk Accessories for Office Supplies, Black</p><p> -27% 0FF </p><p>$21.99</p><a href="https://www.amazon.com/dp/B0DB8F7GDN?tag=eloabder-20&linkCode=osi&th=1&psc=1">View Product</a></div><div class="product"><a href="https://www.amazon.com/dp/B0FQ86P4M3?tag=eloabder-20&linkCode=osi&th=1&psc=1"><img src="https://m.media-amazon.com/images/I/41ZDdyGnPxL._SL500_.jpg" alt="Product Image"></a><p>Mind Reader 2-Tier Desk Organizer with Clamp, Accessory Shelf for Office or Gaming, Office, Metal, White</p><p> -5% 0FF </p><p>$37.99</p><a href="https://www.amazon.com/dp/B0FQ86P4M3?tag=eloabder-20&linkCode=osi&th=1&psc=1">View Product</a></div><div class="product"><a href="https://www.amazon.com/dp/B0BYDGF8DT?tag=eloabder-20&linkCode=osi&th=1&psc=1"><img src="https://m.media-amazon.com/images/I/51sE2GzgVNL._SL500_.jpg" alt="Product Image"></a><p>OPNICE Desk Organizer and Accessories, 4-Tier Desktop File Organizer with Drawer and 2 Pen Holders, Office Desk Accessories, Workspace Organizers for Office Supplies(Black)</p><p> -33% 0FF </p><p>$19.99</p><a href="https://www.amazon.com/dp/B0BYDGF8DT?tag=eloabder-20&linkCode=osi&th=1&psc=1">View Product</a></div><div class="product"><a href="https://www.amazon.com/dp/B0DJKSMV2T?tag=eloabder-20&linkCode=osi&th=1&psc=1"><img src="https://m.media-amazon.com/images/I/41gO3CCIg1L._SL500_.jpg" alt="Product Image"></a><p>gianotter Dual Monitor Stand Riser, Desk Organizer With Drawer and 2 Pen Holders, Computer Monitor Stand, Shelf for Top of Desk, Black</p><p> -28% 0FF </p><p>$25.99</p><a href="https://www.amazon.com/dp/B0DJKSMV2T?tag=eloabder-20&linkCode=osi&th=1&psc=1">View Product</a></div><div class="product"><a href="https://www.amazon.com/dp/B0BWTT3WK1?tag=eloabder-20&linkCode=osi&th=1&psc=1"><img src="https://m.media-amazon.com/images/I/51JTe2SjicL._SL500_.jpg" alt="Product Image"></a><p>gianotter Desk Organizers and Accessories with File Holder, 4-Tier Desk Accessories & Workspace Organizers with Drawer and 2 Pen Holder, Paper Organizer for Office Supplies (Rose Gold)</p><p> -27% 0FF </p><p>$23.99</p><a href="https://www.amazon.com/dp/B0BWTT3WK1?tag=eloabder-20&linkCode=osi&th=1&psc=1">View Product</a></div><div class="product"><a href="https://www.amazon.com/dp/B09QKDY1YY?tag=eloabder-20&linkCode=osi&th=1&psc=1"><img src="https://m.media-amazon.com/images/I/519UVM73B6L._SL500_.jpg" alt="Product Image"></a><p>Supeasy 5 Trays Paper Organizer Letter Tray with Handle-Mesh Desk File Organizer, Paper Sorter Desk Organizer for Office, Home or School</p><p> -17% 0FF </p><p>$19.99</p><a href="https://www.amazon.com/dp/B09QKDY1YY?tag=eloabder-20&linkCode=osi&th=1&psc=1">View Product</a></div><div class="product"><a href="https://www.amazon.com/dp/B08PBFKGJG?tag=eloabder-20&linkCode=osi&th=1&psc=1"><img src="https://m.media-amazon.com/images/I/61WfW0WLsqL._SL500_.jpg" alt="Product Image"></a><p>Marbrasse 6 Tier Paper Organizer Letter Tray - Mesh Desk File Organizer with Handle, Paper Sorter Organizer for Letter/A4 Office File Folder Holder - Black</p><p> -23% 0FF </p><p>$19.98</p><a href="https://www.amazon.com/dp/B08PBFKGJG?tag=eloabder-20&linkCode=osi&th=1&psc=1">View Product</a></div><div class="product"><a href="https://www.amazon.com/dp/B09K5927B5?tag=eloabder-20&linkCode=osi&th=1&psc=1"><img src="https://m.media-amazon.com/images/I/51u5tZ4jR6L._SL500_.jpg" alt="Product Image"></a><p>Marbrasse Desk Organizer with File Holder, 5-Tier Paper Letter Tray Organizer with Drawer and 2 Pen Holder, Mesh Desktop Organizer and Storage with Magazine Holder for Office Supplies(Black)</p><p> -24% 0FF </p><p>$33.99</p><a href="https://www.amazon.com/dp/B09K5927B5?tag=eloabder-20&linkCode=osi&th=1&psc=1">View Product</a></div>
<div class="product"><a href="https://www.amazon.com/dp/B0CNXF7SVS?tag=eloabder-20&linkCode=osi&th=1&psc=1"><img src="https://m.media-amazon.com/images/I/51a6EswyTZL._SL500_.jpg" alt="Product Image"></a><p>Manalete Drawer Organizers Set of 15, 4 Sizes Clear Plastic Drawer Organizers and Storage Bins for Kitchen, Bathroom, Office, Dresser Desk Drawer Organizer Tray for Jewelry, Makeup, Junk, Gadgets</p><p> -29% 0FF </p><p>$9.99</p><a href="https://www.amazon.com/dp/B0CNXF7SVS?tag=eloabder-20&linkCode=osi&th=1&psc=1">View Product</a></div><div class="product"><a href="https://www.amazon.com/dp/B0CCY5X6SS?tag=eloabder-20&linkCode=osi&th=1&psc=1"><img src="https://m.media-amazon.com/images/I/41Iye-vPXJL._SL500_.jpg" alt="Product Image"></a><p>Bamboo Drawer Organizer Set, 5 PCS Multi-Use Individual Wood Storage Organizers, Junk Drawer Divider and Storage Trays Containers for Kitchen, Bathroom, Office Desk, Makeup, Jewelry, Utensils</p><p> -20% 0FF </p><p>$19.99 ($4.00 / Count)</p><a href="https://www.amazon.com/dp/B0CCY5X6SS?tag=eloabder-20&linkCode=osi&th=1&psc=1">View Product</a></div><div class="product"><a href="https://www.amazon.com/dp/B0CCDJQ7MM?tag=eloabder-20&linkCode=osi&th=1&psc=1"><img src="https://m.media-amazon.com/images/I/51kU0WJxdsL._SL500_.jpg" alt="Product Image"></a><p>Marbrasse Expandable Desk Drawer Organizer, Mesh Drawer Organizer Tray with 10 Adjustable Compartments, Desk Organizers and Accessories, 5 Dividers Drawer for Office Supplies, Makeup & Vanity (Black)</p><p> -15% 0FF </p><p>$17.84</p><a href="https://www.amazon.com/dp/B0CCDJQ7MM?tag=eloabder-20&linkCode=osi&th=1&psc=1">View Product</a></div><div class="product"><a href="https://www.amazon.com/dp/B0DM27MBZN?tag=eloabder-20&linkCode=osi&th=1&psc=1"><img src="https://m.media-amazon.com/images/I/41hAfSMnrZL._SL500_.jpg" alt="Product Image"></a><p>ElegantArray 12 PCS Drawer Organizer Set, 4 Sizes Storage Drawer Units, Clear Plastic Makeup Vanity Organizer and Storage Bins for Makeup, Stationeries, Multiple Gadgets for Bathroom, Office, Bedroom</p><p> -31% 0FF </p><p>$8.99</p><a href="https://www.amazon.com/dp/B0DM27MBZN?tag=eloabder-20&linkCode=osi&th=1&psc=1">View Product</a></div>
<div class="product"><a href="https://www.amazon.com/dp/B0C4T42TPC?tag=eloabder-20&linkCode=osi&th=1&psc=1"><img src="https://m.media-amazon.com/images/I/318IsyAsPXL._SL500_.jpg" alt="Product Image"></a><p>Adjustable Mobile CPU Stand, Ventilated Computer Tower Stand with 4 Caster Wheels Fits Most PC Tower, Under Desk CPU Holder PC Floor Cart Computer Riser for Gamers and Students (Black)</p><p> -21% 0FF </p><p>$14.21</p><a href="https://www.amazon.com/dp/B0C4T42TPC?tag=eloabder-20&linkCode=osi&th=1&psc=1">View Product</a></div><div class="product"><a href="https://www.amazon.com/dp/B094QTGHNZ?tag=eloabder-20&linkCode=osi&th=1&psc=1"><img src="https://m.media-amazon.com/images/I/31VzBQ+jwWL._SL500_.jpg" alt="Product Image"></a><p>WALI Computer Monitor Stand for Desk, Adjustable Laptop Riser, Desk Monitor Stand Underneath Storage for Office, Home, School Supplies (STT003), 1 Pack, Black</p><p> -32% 0FF </p><p>$16.99</p><a href="https://www.amazon.com/dp/B094QTGHNZ?tag=eloabder-20&linkCode=osi&th=1&psc=1">View Product</a></div><div class="product"><a href="https://www.amazon.com/dp/B07H4DMLVH?tag=eloabder-20&linkCode=osi&th=1&psc=1"><img src="https://m.media-amazon.com/images/I/31eTfKhpSWL._SL500_.jpg" alt="Product Image"></a><p>HUANUO Monitor Stand, Monitor Stand Riser 3 Height Adjustable, Monitor Riser with Airflow Vents, Laptop Stand for Desk, Laptop Riser, Desk Organizer for Monitor, 15.6" Laptop, PC, Printer</p><p> -11% 0FF </p><p>$15.19</p><a href="https://www.amazon.com/dp/B07H4DMLVH?tag=eloabder-20&linkCode=osi&th=1&psc=1">View Product</a></div><div class="product"><a href="https://www.amazon.com/dp/B0D69W6H91?tag=eloabder-20&linkCode=osi&th=1&psc=1"><img src="https://m.media-amazon.com/images/I/51rQI+gi3lL._SL500_.jpg" alt="Product Image"></a><p>JANE EYRE Computer Tower Stand - Adjustable PC Tower Stand CPU Holder Cart with Charging Station for Office Home Classroom,23.03"-28.3" H, black</p><p> -10% 0FF </p><p>$53.99</p><a href="https://www.amazon.com/dp/B0D69W6H91?tag=eloabder-20&linkCode=osi&th=1&psc=1">View Product</a></div><div class="product"><a href="https://www.amazon.com/dp/B0C4T34L9Y?tag=eloabder-20&linkCode=osi&th=1&psc=1"><img src="https://m.media-amazon.com/images/I/51BNMGXNOEL._SL500_.jpg" alt="Product Image"></a><p>BONTEC Wooden Monitor Stand Riser, 2-Tier Desk Shelf with Storage Organizer, Ergonomic Computer Stand with Cable Management, Cellphone Holder, White, 16.5 Inch</p><p> -33% 0FF </p><p>$18.04</p><a href="https://www.amazon.com/dp/B0C4T34L9Y?tag=eloabder-20&linkCode=osi&th=1&psc=1">View Product</a></div><div class="product"><a href="https://www.amazon.com/dp/B08BRCT4JH?tag=eloabder-20&linkCode=osi&th=1&psc=1"><img src="https://m.media-amazon.com/images/I/41Ga6A+cXbL._SL500_.jpg" alt="Product Image"></a><p>BESIGN LS03 Aluminum Laptop Stand, Ergonomic Detachable Computer Stand, Notebook Riser Compatible with Air, Pro, Dell, HP, Lenovo More 10-15.6" Laptops, Silver</p><p> -25% 0FF </p><p>$14.98</p><a href="https://www.amazon.com/dp/B08BRCT4JH?tag=eloabder-20&linkCode=osi&th=1&psc=1">View Product</a></div>
<div class="product"><a href="https://www.amazon.com/dp/B07Q79ZZJ6?tag=eloabder-20&linkCode=osi&th=1&psc=1"><img src="https://m.media-amazon.com/images/I/31-LBzENQIL._SL500_.jpg" alt="Product Image"></a><p>Single LCD Computer Monitor Free-Standing Desk Stand Mount Riser for 13 inch to 32 inch screen with Swivel, Height Adjustable, Rotation, Vesa Base Stand Holds One (1) Screen up to 77Lbs(HT05B-001))</p><p> -34% 0FF </p><p>$21.99</p><a href="https://www.amazon.com/dp/B07Q79ZZJ6?tag=eloabder-20&linkCode=osi&th=1&psc=1">View Product</a></div><div class="product"><a href="https://www.amazon.com/dp/B082845XM8?tag=eloabder-20&linkCode=osi&th=1&psc=1"><img src="https://m.media-amazon.com/images/I/41uRH1B7HgL._SL500_.jpg" alt="Product Image"></a><p>Dual Monitor Stand - Vertical Stack Screen Free-Standing Monitor Riser Fits Two 13 to 34 Inch Screen with Swivel, Tilt, Height Adjustable, Holds One (1) Screen Up to 44Lbs</p><p> -5% 0FF </p><p>$31.56</p><a href="https://www.amazon.com/dp/B082845XM8?tag=eloabder-20&linkCode=osi&th=1&psc=1">View Product</a></div><div class="product"><a href="https://www.amazon.com/dp/B00X4SCCFG?tag=eloabder-20&linkCode=osi&th=1&psc=1"><img src="https://m.media-amazon.com/images/I/21X2klzUZGL._SL500_.jpg" alt="Product Image"></a><p>Amazon Basics Height Adjustable Rectangular Computer Monitor Riser Desk Stand with Storage for Reduced Neck Strain - Fits Monitors, Laptops Up to 22lbs, Black</p><p> -35% 0FF </p><p>$14.06</p><a href="https://www.amazon.com/dp/B00X4SCCFG?tag=eloabder-20&linkCode=osi&th=1&psc=1">View Product</a></div>
<div class="product"><a href="https://www.amazon.com/dp/B07HFDJCSL?tag=eloabder-20&linkCode=osi&th=1&psc=1"><img src="https://m.media-amazon.com/images/I/41DR7qY1naL._SL500_.jpg" alt="Product Image"></a><p>VIVO Large Keyboard Tray Under Desk Pull Out with Extra Sturdy C Clamp Mount System, 27 (33 Including Clamps) x 11 Inch Slide-Out Platform Computer Drawer for Typing, Black, MOUNT-KB05E</p><p> -17% 0FF </p><p>$49.99</p><a href="https://www.amazon.com/dp/B07HFDJCSL?tag=eloabder-20&linkCode=osi&th=1&psc=1">View Product</a></div><div class="product"><a href="https://www.amazon.com/dp/B082NKBM62?tag=eloabder-20&linkCode=osi&th=1&psc=1"><img src="https://m.media-amazon.com/images/I/41qQ3p9-mrL._SL500_.jpg" alt="Product Image"></a><p>HUANUO Keyboard Tray Under Desk, 360 Adjustable Ergonomic Sliding Keyboard & Mouse Tray, Under Desk Keyboard Tray Slide Out, Keyboard Holder Under Desk for Typing in Home, Office Work, 25"W x 9.84"D</p><p> -33% 0FF </p><p>$59.98</p><a href="https://www.amazon.com/dp/B082NKBM62?tag=eloabder-20&linkCode=osi&th=1&psc=1">View Product</a></div><div class="product"><a href="https://www.amazon.com/dp/B0F23GTKHL?tag=eloabder-20&linkCode=osi&th=1&psc=1"><img src="https://m.media-amazon.com/images/I/41dmHoeznDL._SL500_.jpg" alt="Product Image"></a><p>Zontera Ergonomic Mouse & Keyboard Tray Under Desk, Pull Out with Adjustable C-clamp, 20 (25.9 Including Clamps) x 11.8 Inch Slide Out Computer Keyboard Drawer Mouse Tray for Typing, Black</p><p> -7% 0FF </p><p>$25.99</p><a href="https://www.amazon.com/dp/B0F23GTKHL?tag=eloabder-20&linkCode=osi&th=1&psc=1">View Product</a></div><div class="product"><a href="https://www.amazon.com/dp/B01IIGMBVI?tag=eloabder-20&linkCode=osi&th=1&psc=1"><img src="https://m.media-amazon.com/images/I/21Vw8003F0L._SL500_.jpg" alt="Product Image"></a><p>Alera ALE Valencia Series Underdesk Keyboard/Mouse Shelf, 28w x 12d, Black</p><p> -50% 0FF </p><p>$29.22</p><a href="https://www.amazon.com/dp/B01IIGMBVI?tag=eloabder-20&linkCode=osi&th=1&psc=1">View Product</a></div>
<div class="product"><a href="https://www.amazon.com/dp/B07C3XZMC6?tag=eloabder-20&linkCode=osi&th=1&psc=1"><img src="https://m.media-amazon.com/images/I/31Eojf7glwL._SL500_.jpg" alt="Product Image"></a><p>JIKIOU 3 Pack Mouse Pad with Stitched Edge, Comfortable Mouse Pads with Non-Slip Rubber Base, Washable Mousepads Bulk with Comfortable Cloth, Mouse Pads for Computers Laptop Mouse 10.2x8.3inch Black</p><p> -29% 0FF </p><p>$7.99</p><a href="https://www.amazon.com/dp/B07C3XZMC6?tag=eloabder-20&linkCode=osi&th=1&psc=1">View Product</a></div><div class="product"><a href="https://www.amazon.com/dp/B085XRMSTT?tag=eloabder-20&linkCode=osi&th=1&psc=1"><img src="https://m.media-amazon.com/images/I/31aDSI0sFoL._SL500_.jpg" alt="Product Image"></a><p>EooCoo Ergonomic Mouse Pad with Wrist Support, Mousepad with Memory Foam Wrist Rest and Non-Slip Base for Computer, Cafe, Home & Office, 9.64 x 8.26 in Office Desk Accessories</p><p> -36% 0FF </p><p>$6.99</p><a href="https://www.amazon.com/dp/B085XRMSTT?tag=eloabder-20&linkCode=osi&th=1&psc=1">View Product</a></div>
<div class="product"><a href="https://www.amazon.com/dp/B0BRCJL4MM?tag=eloabder-20&linkCode=osi&th=1&psc=1"><img src="https://m.media-amazon.com/images/I/41sggzaNbPL._SL500_.jpg" alt="Product Image"></a><p>Led Desk Lamp for Office Home - Eye Caring Architect lamp with Clamp,Dual Screen Computer Monitor Gooseneck Smart Light: 24W 5 Color Flexible Adjustable Lighting Table Lamp for Study Drafting</p><p> -13% 0FF </p><p>$69.99</p><a href="https://www.amazon.com/dp/B0BRCJL4MM?tag=eloabder-20&linkCode=osi&th=1&psc=1">View Product</a></div><div class="product"><a href="https://www.amazon.com/dp/B0BNHNG5CY?tag=eloabder-20&linkCode=osi&th=1&psc=1"><img src="https://m.media-amazon.com/images/I/51ccmdZe2YL._SL500_.jpg" alt="Product Image"></a><p>Micomlan Led Desk Lamp with Clamp, Architect Desk Lamp for Home Office with Atmosphere Lighting, 24W Ultra Bright Auto Dimming Computer Light Stepless Dimming and Tempering LED Table Light</p><p> -27% 0FF </p><p>$49.99</p><a href="https://www.amazon.com/dp/B0BNHNG5CY?tag=eloabder-20&linkCode=osi&th=1&psc=1">View Product</a></div><div class="product"><a href="https://www.amazon.com/dp/B078W61H9P?tag=eloabder-20&linkCode=osi&th=1&psc=1"><img src="https://m.media-amazon.com/images/I/31aebwb3nqL._SL500_.jpg" alt="Product Image"></a><p>LEPOWER Metal Desk Lamp, Eye-Caring Table Lamp, Study Lamps with Flexible Goose Neck for Bedroom, Home Office (Matte Black)</p><p> -24% 0FF </p><p>$24.99</p><a href="https://www.amazon.com/dp/B078W61H9P?tag=eloabder-20&linkCode=osi&th=1&psc=1">View Product</a></div><div class="product"><a href="https://www.amazon.com/dp/B0D1DLY4H4?tag=eloabder-20&linkCode=osi&th=1&psc=1"><img src="https://m.media-amazon.com/images/I/41sKiuSIwRL._SL500_.jpg" alt="Product Image"></a><p>SKYLEO Led Desk Lamp - Desk Light for 31.5" Tall - 5 Color Modes X 11 Brightness Levels - Adjustable Swing Arm - Timmer & Memory Function - 12W Lamp for Desk - Black</p><p> -23% 0FF </p><p>$19.99</p><a href="https://www.amazon.com/dp/B0D1DLY4H4?tag=eloabder-20&linkCode=osi&th=1&psc=1">View Product</a></div><div class="product"><a href="https://www.amazon.com/dp/B0D2LGK82V?tag=eloabder-20&linkCode=osi&th=1&psc=1"><img src="https://m.media-amazon.com/images/I/41UpQ-qygDL._SL500_.jpg" alt="Product Image"></a><p>Addtam LED Desk Lamp, Power Strip with 3 Outlets 4 USB Charging Ports(2 USBC), 4 Modes 5 Level Brightness Touch Lamp, Small Desk Lamp for Home Office College Dorm Room Essentials</p><p> -23% 0FF </p><p>$16.99</p><a href="https://www.amazon.com/dp/B0D2LGK82V?tag=eloabder-20&linkCode=osi&th=1&psc=1">View Product</a></div><div class="product"><a href="https://www.amazon.com/dp/B08LMTQ7ZF?tag=eloabder-20&linkCode=osi&th=1&psc=1"><img src="https://m.media-amazon.com/images/I/21vKPX2KHML._SL500_.jpg" alt="Product Image"></a><p>Lepro LED Desk Lamp for Home Office, 9.5W 750LM Metal Touch Control Desk Light, 5 Color Modes 5 Brightness Level, Eye Caring Task Lamp For Reading, Sewing, Crafts, School Supplies, Puzzle Light, Black</p><p> -13% 0FF </p><p>$24.99</p><a href="https://www.amazon.com/dp/B08LMTQ7ZF?tag=eloabder-20&linkCode=osi&th=1&psc=1">View Product</a></div>
<div class="product"><a href="https://www.amazon.com/dp/B0D7BXNDP4?tag=eloabder-20&linkCode=osi&th=1&psc=1"><img src="https://m.media-amazon.com/images/I/41DuEunZ1+L._SL500_.jpg" alt="Product Image"></a><p>Monitor Fan with Clamp & Light Bar Desk Lamp with fan for Office mini Desk fan small quiet with lamp for PC Laptops Tablet for Home Office Portable Working Reading Stand Lamp</p><p> -5% 0FF </p><p>$15.19</p><a href="https://www.amazon.com/dp/B0D7BXNDP4?tag=eloabder-20&linkCode=osi&th=1&psc=1">View Product</a></div><div class="product"><a href="https://www.amazon.com/dp/B07K1D41DC?tag=eloabder-20&linkCode=osi&th=1&psc=1"><img src="https://m.media-amazon.com/images/I/310MAouNV-L._SL500_.jpg" alt="Product Image"></a><p>OttLite Cool Breeze LED Lamp with Bladeless Fan - 3 Speed Options & 5 Brightness Settings with Energy Efficient Natural Daylight LEDs - Desktop, Table or Nightstand Lamp for Studying or Reading</p><p> -14% 0FF </p><p>$89.98</p><a href="https://www.amazon.com/dp/B07K1D41DC?tag=eloabder-20&linkCode=osi&th=1&psc=1">View Product</a></div>
<div class="product"><a href="https://www.amazon.com/dp/B0CXSXL1F2?tag=eloabder-20&linkCode=osi&th=1&psc=1"><img src="https://m.media-amazon.com/images/I/41H6cndt7iL._SL500_.jpg" alt="Product Image"></a><p>9 Pack Lined Sticky Notes 4x6 in Post Sticky Notes with Lines, 9 Bright Colors Self Sticky Notes Pad Its, Large Ruled Sticky Note for Office, Home, 35 Sheets/Pad</p><p> -33% 0FF </p><p>$7.99</p><a href="https://www.amazon.com/dp/B0CXSXL1F2?tag=eloabder-20&linkCode=osi&th=1&psc=1">View Product</a></div><div class="product"><a href="https://www.amazon.com/dp/B019QROV9S?tag=eloabder-20&linkCode=osi&th=1&psc=1"><img src="https://m.media-amazon.com/images/I/51OsStyntzL._SL500_.jpg" alt="Product Image"></a><p>Sharpie Clear View Highlighter Sticks, Chisel Tip, Assorted Fluorescent, 8 Count - School, Home, and Office Use, Teacher Supplies</p><p> -23% 0FF </p><p>$13.86</p><a href="https://www.amazon.com/dp/B019QROV9S?tag=eloabder-20&linkCode=osi&th=1&psc=1">View Product</a></div>
<div class="product"><a href="https://www.amazon.com/dp/B082PN4X5J?tag=eloabder-20&linkCode=osi&th=1&psc=1"><img src="https://m.media-amazon.com/images/I/51o+eA8g6nL._SL500_.jpg" alt="Product Image"></a><p>Sharpie S-Gel Gel Pens, Black Barrel, Medium Point (0.7mm), Black Gel Ink Pens, 12 Count - Home, Office, School, Journaling, Writing, Note-Taking, Teacher Supplies</p><p> -14% 0FF </p><p>$11.97</p><a href="https://www.amazon.com/dp/B082PN4X5J?tag=eloabder-20&linkCode=osi&th=1&psc=1">View Product</a></div><div class="product"><a href="https://www.amazon.com/dp/B0C9W8DD9S?tag=eloabder-20&linkCode=osi&th=1&psc=1"><img src="https://m.media-amazon.com/images/I/41mdSvEwNZL._SL500_.jpg" alt="Product Image"></a><p>Ddaowanx Gel Pens, 6 Pcs 0.5mm Quick Dry Black Ink Pens Fine Point Smooth Writing Pens, Cute Office School Supplies Gifts for Women</p><p> -10% 0FF </p><p>$8.99</p><a href="https://www.amazon.com/dp/B0C9W8DD9S?tag=eloabder-20&linkCode=osi&th=1&psc=1">View Product</a></div><div class="product"><a href="https://www.amazon.com/dp/B019QBOG3U?tag=eloabder-20&linkCode=osi&th=1&psc=1"><img src="https://m.media-amazon.com/images/I/416PjSebDoL._SL500_.jpg" alt="Product Image"></a><p>Paper Mate Colorful Gel Pens - InkJoy Gel Pens Assorted Medium Point (0.7). Perfect for Vibrant Colored Writing and Sketching with Paper Mate InkJoy 14 Count</p><p> -18% 0FF </p><p>$10.31</p><a href="https://www.amazon.com/dp/B019QBOG3U?tag=eloabder-20&linkCode=osi&th=1&psc=1">View Product</a></div><div class="product"><a href="https://www.amazon.com/dp/B0C73JDN4S?tag=eloabder-20&linkCode=osi&th=1&psc=1"><img src="https://m.media-amazon.com/images/I/51DJUUxL7HL._SL500_.jpg" alt="Product Image"></a><p>Linbsunne Ballpoint Pens Black Medium Point 1mm Pen with Super Soft Grip Ball Point Pen for Men Women Retractable Pens (gold-12 pcs)</p><p> -10% 0FF </p><p>$8.99</p><a href="https://www.amazon.com/dp/B0C73JDN4S?tag=eloabder-20&linkCode=osi&th=1&psc=1">View Product</a></div><div class="product"><a href="https://www.amazon.com/dp/B001OTA66O?tag=eloabder-20&linkCode=osi&th=1&psc=1"><img src="https://m.media-amazon.com/images/I/41yS5tBZQLL._SL500_.jpg" alt="Product Image"></a><p>BIC Glide Black Retractable Ballpoint Pens, Medium Point (1.0mm), 4-Count Pack, Ultra Smooth Writing Black Pens</p><p> -40% 0FF </p><p>$2.99</p><a href="https://www.amazon.com/dp/B001OTA66O?tag=eloabder-20&linkCode=osi&th=1&psc=1">View Product</a></div>
<div class="product"><a href="https://www.amazon.com/dp/B002HVXXCW?tag=eloabder-20&linkCode=osi&th=1&psc=1"><img src="https://m.media-amazon.com/images/I/41JeEedXCeL._SL500_.jpg" alt="Product Image"></a><p>Ticonderoga Wood-Cased Pencils, Pre-Sharpened, 2 HB Soft, Yellow, 10 Count</p><p> -58% 0FF </p><p>$2.49</p><a href="https://www.amazon.com/dp/B002HVXXCW?tag=eloabder-20&linkCode=osi&th=1&psc=1">View Product</a></div><div class="product"><a href="https://www.amazon.com/dp/B077Q4B6YN?tag=eloabder-20&linkCode=osi&th=1&psc=1"><img src="https://m.media-amazon.com/images/I/4160YcHGDNL._SL500_.jpg" alt="Product Image"></a><p>Paper Mate 2017483 Mechanical Pencils for Handwriting, Triangular, 5/PK, AST</p><p> -45% 0FF </p><p>$3.47</p><a href="https://www.amazon.com/dp/B077Q4B6YN?tag=eloabder-20&linkCode=osi&th=1&psc=1">View Product</a></div>
<div class="product"><a href="https://www.amazon.com/dp/B0D7YTZNRF?tag=eloabder-20&linkCode=osi&th=1&psc=1"><img src="https://m.media-amazon.com/images/I/41hSbSlNAmL._SL500_.jpg" alt="Product Image"></a><p>YASNAY Alcohol Markers, 48 Colors Dual Tip Art Marker, Drawing Markers, Coloring Marker for Kids Sketching Adult Coloring</p><p> -27% 0FF </p><p>$10.99</p><a href="https://www.amazon.com/dp/B0D7YTZNRF?tag=eloabder-20&linkCode=osi&th=1&psc=1">View Product</a></div><div class="product"><a href="https://www.amazon.com/dp/B07CJ8QXF8?tag=eloabder-20&linkCode=osi&th=1&psc=1"><img src="https://m.media-amazon.com/images/I/51bChi4-H4L._SL500_.jpg" alt="Product Image"></a><p>Dual Markers Brush Pens, 36 Fine Point Art Marker, Double Tip Colored Pen for Adult Coloring Hand Lettering, School Classroom Art Suppliers</p><p> -20% 0FF </p><p>$7.98</p><a href="https://www.amazon.com/dp/B07CJ8QXF8?tag=eloabder-20&linkCode=osi&th=1&psc=1">View Product</a></div><div class="product"><a href="https://www.amazon.com/dp/B071CP6X88?tag=eloabder-20&linkCode=osi&th=1&psc=1"><img src="https://m.media-amazon.com/images/I/41sNeEYkTNL._SL500_.jpg" alt="Product Image"></a><p>Crayola Super Tips Marker Set for Kids (100ct), Broad Tip & Fine Point Washable Art Markers for Kids, Bulk School Supplies, Teacher Classroom Must Haves, Drawing Supplies</p><p> -19% 0FF </p><p>$16.29</p><a href="https://www.amazon.com/dp/B071CP6X88?tag=eloabder-20&linkCode=osi&th=1&psc=1">View Product</a></div><div class="product"><a href="https://www.amazon.com/dp/B08MBFPFCQ?tag=eloabder-20&linkCode=osi&th=1&psc=1"><img src="https://m.media-amazon.com/images/I/51DaGL7Z4oL._SL500_.jpg" alt="Product Image"></a><p>Sharpie Permanent Markers Variety Pack, Includes Chisel, Fine, and Ultra-Fine Tips, Marker Set, Writing, Coloring, Poster, Office, School Supplies, Black, 6 Count</p><p> -19% 0FF </p><p>$4.63 ($0.77 / Count)</p><a href="https://www.amazon.com/dp/B08MBFPFCQ?tag=eloabder-20&linkCode=osi&th=1&psc=1">View Product</a></div>
<div class="product"><a href="https://www.amazon.com/dp/B09Y2KJ2KX?tag=eloabder-20&linkCode=osi&th=1&psc=1"><img src="https://m.media-amazon.com/images/I/41EhQr7suML._SL500_.jpg" alt="Product Image"></a><p>Sharpie Pocket Highlighters, Mild Pastel Colors, Assorted, Chisel Tip, 12 Count - School, Home, and Office Use, Teacher Supplies</p><p> -22% 0FF </p><p>$7.76 ($0.65 / Count)</p><a href="https://www.amazon.com/dp/B09Y2KJ2KX?tag=eloabder-20&linkCode=osi&th=1&psc=1">View Product</a></div><div class="product"><a href="https://www.amazon.com/dp/B08698MJWT?tag=eloabder-20&linkCode=osi&th=1&psc=1"><img src="https://m.media-amazon.com/images/I/512N7aYt5oL._SL500_.jpg" alt="Product Image"></a><p>Sharpie S-Note Creative Markers, Pastel Highlighters, Art Marker Set, Assorted Colors, Chisel Tip, 24 Count - School, Home, and Office Use, Teacher Supplies</p><p> -60% 0FF </p><p>$8.83</p><a href="https://www.amazon.com/dp/B08698MJWT?tag=eloabder-20&linkCode=osi&th=1&psc=1">View Product</a></div>
<div class="product"><a href="https://www.amazon.com/dp/B097DPQPYN?tag=eloabder-20&linkCode=osi&th=1&psc=1"><img src="https://m.media-amazon.com/images/I/51nFyQPtfkL._SL500_.jpg" alt="Product Image"></a><p>Sonuimy Pencil Sharpeners, 4 Pcs Pencil Sharpeners Manual,Dual Holes Compact Colored Handheld Pencil Sharpener for Kids with Lid Adults Students School Class Home Office (Covered)</p><p> -13% 0FF </p><p>$4.49</p><a href="https://www.amazon.com/dp/B097DPQPYN?tag=eloabder-20&linkCode=osi&th=1&psc=1">View Product</a></div><div class="product"><a href="https://www.amazon.com/dp/B000MFN1G8?tag=eloabder-20&linkCode=osi&th=1&psc=1"><img src="https://m.media-amazon.com/images/I/41JPflroUEL._SL500_.jpg" alt="Product Image"></a><p>Compact Desktop Electric Pencil Sharpener, Black, Sold as 1 Each</p><p> -21% 0FF </p><p>$15.89</p><a href="https://www.amazon.com/dp/B000MFN1G8?tag=eloabder-20&linkCode=osi&th=1&psc=1">View Product</a></div><div class="product"><a href="https://www.amazon.com/dp/B00125KXGI?tag=eloabder-20&linkCode=osi&th=1&psc=1"><img src="https://m.media-amazon.com/images/I/51avY0bZv6L._SL500_.jpg" alt="Product Image"></a><p>Bostitch Office Personal Electric Pencil Sharpener, Powerful Stall-Free Motor, High Capacity Shavings Tray, Blue</p><p> -13% 0FF </p><p>$17.48</p><a href="https://www.amazon.com/dp/B00125KXGI?tag=eloabder-20&linkCode=osi&th=1&psc=1">View Product</a></div><div class="product"><a href="https://www.amazon.com/dp/B078DZY9Z5?tag=eloabder-20&linkCode=osi&th=1&psc=1"><img src="https://m.media-amazon.com/images/I/41KbUFGrXfL._SL500_.jpg" alt="Product Image"></a><p>JARLINK Electric Pencil Sharpener, Heavy-Duty Helical Blade to Fast Sharpen, Auto Stop for No.2/Colored Pencils(6-8mm), AC Adapter/Battery Operated in School Classroom/Office/Home (Black)</p><p> -21% 0FF </p><p>$16.98</p><a href="https://www.amazon.com/dp/B078DZY9Z5?tag=eloabder-20&linkCode=osi&th=1&psc=1">View Product</a></div><div class="product"><a href="https://www.amazon.com/dp/B08DLXH86D?tag=eloabder-20&linkCode=osi&th=1&psc=1"><img src="https://m.media-amazon.com/images/I/41UghsnBycL._SL500_.jpg" alt="Product Image"></a><p>Aogwat Pencil Sharpener Electric Pencil Sharpener for Kids, Blade to Fast Sharpen, Suitable for No.2/School/Classroom/Office/Home (Black)</p><p> -23% 0FF </p><p>$9.99</p><a href="https://www.amazon.com/dp/B08DLXH86D?tag=eloabder-20&linkCode=osi&th=1&psc=1">View Product</a></div><div class="product"><a href="https://www.amazon.com/dp/B000GP0VIU?tag=eloabder-20&linkCode=osi&th=1&psc=1"><img src="https://m.media-amazon.com/images/I/318OKKSwzbL._SL500_.jpg" alt="Product Image"></a><p>Bostitch Office Wall Mount Manual Pencil Sharpener, Tip Saver, 8 Hole Dial, 6X Longer Cutter Life, Vertical or Horizontal Mounting Black (MPS1-BLK)</p><p> -9% 0FF </p><p>$13.18</p><a href="https://www.amazon.com/dp/B000GP0VIU?tag=eloabder-20&linkCode=osi&th=1&psc=1">View Product</a></div>
<div class="product"><a href="https://www.amazon.com/dp/B00094H4LU?tag=eloabder-20&linkCode=osi&th=1&psc=1"><img src="https://m.media-amazon.com/images/I/41f-fbZYU1L._SL500_.jpg" alt="Product Image"></a><p>Paper Mate Erasers | Pink Pearl Large Erasers 12 Count</p><p> -55% 0FF </p><p>$6.03</p><a href="https://www.amazon.com/dp/B00094H4LU?tag=eloabder-20&linkCode=osi&th=1&psc=1">View Product</a></div><div class="product"><a href="https://www.amazon.com/dp/B07DPVVMWB?tag=eloabder-20&linkCode=osi&th=1&psc=1"><img src="https://m.media-amazon.com/images/I/51wLlsENgiL._SL500_.jpg" alt="Product Image"></a><p>Mr. Pen Erasers for Pencils, 120 Pack, Pencil Top Erasers, Eraser Caps, Cap Tops, Topper Erasers. Ereaser</p><p> -24% 0FF </p><p>$5.95</p><a href="https://www.amazon.com/dp/B07DPVVMWB?tag=eloabder-20&linkCode=osi&th=1&psc=1">View Product</a></div><div class="product"><a href="https://www.amazon.com/dp/B07144DC8V?tag=eloabder-20&linkCode=osi&th=1&psc=1"><img src="https://m.media-amazon.com/images/I/51Ed1+HW9cL._SL500_.jpg" alt="Product Image"></a><p>Pentel Hi-Polymer Block Eraser, White, 10/Box (ZEH10PC10)</p><p> -44% 0FF </p><p>$9.99</p><a href="https://www.amazon.com/dp/B07144DC8V?tag=eloabder-20&linkCode=osi&th=1&psc=1">View Product</a></div><div class="product"><a href="https://www.amazon.com/dp/B0047CT6SE?tag=eloabder-20&linkCode=osi&th=1&psc=1"><img src="https://m.media-amazon.com/images/I/41bhWXKeeiL._SL500_.jpg" alt="Product Image"></a><p>Pentel Clic Retractable Eraser with Grip, 3 Pack</p><p> -29% 0FF </p><p>$4.77</p><a href="https://www.amazon.com/dp/B0047CT6SE?tag=eloabder-20&linkCode=osi&th=1&psc=1">View Product</a></div>
<div class="product"><a href="https://www.amazon.com/dp/B09S9X3HV7?tag=eloabder-20&linkCode=osi&th=1&psc=1"><img src="https://m.media-amazon.com/images/I/51GgMyfl5VL._SL500_.jpg" alt="Product Image"></a><p>Color Transparent Ruler Plastic Rulers - Ruler 12 inch, Kids Ruler for School, Ruler with Centimeters, Millimeter and Inches, Assorted Colors, Clear Rulers, 7 Pack School Rulers</p><p> -16% 0FF </p><p>$5.99</p><a href="https://www.amazon.com/dp/B09S9X3HV7?tag=eloabder-20&linkCode=osi&th=1&psc=1">View Product</a></div><div class="product"><a href="https://www.amazon.com/dp/B06XK9VQM4?tag=eloabder-20&linkCode=osi&th=1&psc=1"><img src="https://m.media-amazon.com/images/I/51Glln3n-nL._SL500_.jpg" alt="Product Image"></a><p>Outus 12 Pack Wood Ruler Bulk for Students Wooden School Rulers Gifts Office Classroom Measuring, 2 Scale, 12 Inch and 30 cm</p><p> -6% 0FF </p><p>$7.99</p><a href="https://www.amazon.com/dp/B06XK9VQM4?tag=eloabder-20&linkCode=osi&th=1&psc=1">View Product</a></div><div class="product"><a href="https://www.amazon.com/dp/B0B5MLTG7J?tag=eloabder-20&linkCode=osi&th=1&psc=1"><img src="https://m.media-amazon.com/images/I/51z9LUxLKmL._SL500_.jpg" alt="Product Image"></a><p>DAGONGREN 30 Pack Clear Plastic Rulers 12 Inch,Transparent Assorted Color Metric Bulk Rulers with Inches and Centimeters,Kids Ruler for School,Home,Office</p><p> -9% 0FF </p><p>$9.99</p><a href="https://www.amazon.com/dp/B0B5MLTG7J?tag=eloabder-20&linkCode=osi&th=1&psc=1">View Product</a></div><div class="product"><a href="https://www.amazon.com/dp/B096MPPF53?tag=eloabder-20&linkCode=osi&th=1&psc=1"><img src="https://m.media-amazon.com/images/I/51qUpElDRcS._SL500_.jpg" alt="Product Image"></a><p>Tenare 1 Set Plastic Clear Math Set Includes Protractor Triangle Rulers 12 Inch 6 Inch Straight Geometry Math Transparent Ruler Measuring Tool for School Office Home Supplies(Clear)</p><p> -25% 0FF </p><p>$5.98</p><a href="https://www.amazon.com/dp/B096MPPF53?tag=eloabder-20&linkCode=osi&th=1&psc=1">View Product</a></div>
<div class="product"><a href="https://www.amazon.com/dp/B07YDDX4JL?tag=eloabder-20&linkCode=osi&th=1&psc=1"><img src="https://m.media-amazon.com/images/I/41oBPZwCRLL._SL500_.jpg" alt="Product Image"></a><p>3-Pack 8" Heavy Duty Scissors with Ultra Sharp Blades and Comfort Grip Handles - For Office, Home, School, Sewing, and Crafts</p><p> -15% 0FF </p><p>$8.49 ($2.83 / Count)</p><a href="https://www.amazon.com/dp/B07YDDX4JL?tag=eloabder-20&linkCode=osi&th=1&psc=1">View Product</a></div><div class="product"><a href="https://www.amazon.com/dp/B01BRGU8R0?tag=eloabder-20&linkCode=osi&th=1&psc=1"><img src="https://m.media-amazon.com/images/I/41ANVra+eNL._SL500_.jpg" alt="Product Image"></a><p>Amazon Basics Stainless Steel Scissors for Office, Crafts, Multipurpose, Sharp, Comfort Grip, PVD Coated, 3 Pack, Multicolor</p><p> -45% 0FF </p><p>$7.55</p><a href="https://www.amazon.com/dp/B01BRGU8R0?tag=eloabder-20&linkCode=osi&th=1&psc=1">View Product</a></div><div class="product"><a href="https://www.amazon.com/dp/B000P0LNRE?tag=eloabder-20&linkCode=osi&th=1&psc=1"><img src="https://m.media-amazon.com/images/I/41fWgMTO0JL._SL500_.jpg" alt="Product Image"></a><p>Westcott 8-Inch Titanium-Bonded Scissors with Adjustable Glide Feature for Office and Home - Gray/Yellow, 2-Pack</p><p> -33% 0FF </p><p>$9.97</p><a href="https://www.amazon.com/dp/B000P0LNRE?tag=eloabder-20&linkCode=osi&th=1&psc=1">View Product</a></div>
<div class="product"><a href="https://www.amazon.com/dp/B074ZRZ4CZ?tag=eloabder-20&linkCode=osi&th=1&psc=1"><img src="https://m.media-amazon.com/images/I/41bu+HKxC2L._SL500_.jpg" alt="Product Image"></a><p>Swingline Commercial Stapler, 20 Sheet Capacity, Jam Free, Metal, 2 Pack, Black (44401AZ)</p><p> -5% 0FF </p><p>$18.98</p><a href="https://www.amazon.com/dp/B074ZRZ4CZ?tag=eloabder-20&linkCode=osi&th=1&psc=1">View Product</a></div><div class="product"><a href="https://www.amazon.com/dp/B001PME62K?tag=eloabder-20&linkCode=osi&th=1&psc=1"><img src="https://m.media-amazon.com/images/I/41gbaJu-3iL._SL500_.jpg" alt="Product Image"></a><p>Swingline Stapler, 40 Sheet Capacity, Optima 40, Jam Free, Reduced Effort, Soft Grip, Metal, Orange and Gray (87845)</p><p> -14% 0FF </p><p>$24.19</p><a href="https://www.amazon.com/dp/B001PME62K?tag=eloabder-20&linkCode=osi&th=1&psc=1">View Product</a></div><div class="product"><a href="https://www.amazon.com/dp/B0D2JBKYM1?tag=eloabder-20&linkCode=osi&th=1&psc=1"><img src="https://m.media-amazon.com/images/I/41zFTU9QpfL._SL500_.jpg" alt="Product Image"></a><p>Bostitch Office Stapler, No-Jam Premium for Desktop, Includes 1,250 Staples, Full-Strip, 25 Sheet Capacity, Black</p><p> -26% 0FF </p><p>$6.99</p><a href="https://www.amazon.com/dp/B0D2JBKYM1?tag=eloabder-20&linkCode=osi&th=1&psc=1">View Product</a></div><div class="product"><a href="https://www.amazon.com/dp/B0CC5GJKM1?tag=eloabder-20&linkCode=osi&th=1&psc=1"><img src="https://m.media-amazon.com/images/I/41JDDoSZQiL._SL500_.jpg" alt="Product Image"></a><p>Metal Stapler Heavy Duty 50 Sheet Capacity with 1750 Staples and Staple Remover, Full Strip Staplers for Desk, No Jam, Non-Slip for Office & Classroom, Black</p><p> -33% 0FF </p><p>$13.29</p><a href="https://www.amazon.com/dp/B0CC5GJKM1?tag=eloabder-20&linkCode=osi&th=1&psc=1">View Product</a></div><div class="product"><a href="https://www.amazon.com/dp/B0006HUQZ6?tag=eloabder-20&linkCode=osi&th=1&psc=1"><img src="https://m.media-amazon.com/images/I/31e-T-f1TGL._SL500_.jpg" alt="Product Image"></a><p>Swingline Stapler, 30 Sheet Capacity, 747 Business Stapler, Jam Free, Metal, Rio Red (74736)</p><p> -23% 0FF </p><p>$15.30</p><a href="https://www.amazon.com/dp/B0006HUQZ6?tag=eloabder-20&linkCode=osi&th=1&psc=1">View Product</a></div>
<div class="product"><a href="https://www.amazon.com/dp/B00J8PJJF0?tag=eloabder-20&linkCode=osi&th=1&psc=1"><img src="https://m.media-amazon.com/images/I/418dc+5ZGkL._SL500_.jpg" alt="Product Image"></a><p>Bostitch Office Premium Standard Staples, 1/4" Full Strip, Box of 5,000 Staples</p><p> -27% 0FF </p><p>$4.39</p><a href="https://www.amazon.com/dp/B00J8PJJF0?tag=eloabder-20&linkCode=osi&th=1&psc=1">View Product</a></div><div class="product"><a href="https://www.amazon.com/dp/B079VYR12V?tag=eloabder-20&linkCode=osi&th=1&psc=1"><img src="https://m.media-amazon.com/images/I/51xAt88vqrL._SL500_.jpg" alt="Product Image"></a><p>Officemate Standard Staples, 10 Boxes General Purpose Staple (91950)</p><p> -10% 0FF </p><p>$14.37</p><a href="https://www.amazon.com/dp/B079VYR12V?tag=eloabder-20&linkCode=osi&th=1&psc=1">View Product</a></div><div class="product"><a href="https://www.amazon.com/dp/B00006IFMQ?tag=eloabder-20&linkCode=osi&th=1&psc=1"><img src="https://m.media-amazon.com/images/I/51UsWZuFq8L._SL500_.jpg" alt="Product Image"></a><p>Bostitch Office B8 PowerCrown 0.25 Inch Staples, Pack of 5,000 Staples (STCRP21151/4), Silver</p><p> -30% 0FF </p><p>$2.33</p><a href="https://www.amazon.com/dp/B00006IFMQ?tag=eloabder-20&linkCode=osi&th=1&psc=1">View Product</a></div>
<div class="product"><a href="https://www.amazon.com/dp/B000J07BRQ?tag=eloabder-20&linkCode=osi&th=1&psc=1"><img src="https://m.media-amazon.com/images/I/51QpJKjajbL._SL500_.jpg" alt="Product Image"></a><p>Scotch Heavy Duty Shipping Packing Tape, Clear, Packing Tape for Moving Boxes and Packaging Supplies, 1.88 in. x 22.2 yd., 6 Roll Dispensers, Moving Supplies</p><p> -35% 0FF </p><p>$12.99</p><a href="https://www.amazon.com/dp/B000J07BRQ?tag=eloabder-20&linkCode=osi&th=1&psc=1">View Product</a></div><div class="product"><a href="https://www.amazon.com/dp/B0000DH8HQ?tag=eloabder-20&linkCode=osi&th=1&psc=1"><img src="https://m.media-amazon.com/images/I/414lAY+087L._SL500_.jpg" alt="Product Image"></a><p>Scotch Magic Tape, Invisible Transparent Tape, 6 Tape Rolls with Dispensers, 3/4 in x 650 in</p><p> -23% 0FF </p><p>$12.34</p><a href="https://www.amazon.com/dp/B0000DH8HQ?tag=eloabder-20&linkCode=osi&th=1&psc=1">View Product</a></div><div class="product"><a href="https://www.amazon.com/dp/B0DQHV6X92?tag=eloabder-20&linkCode=osi&th=1&psc=1"><img src="https://m.media-amazon.com/images/I/51ViCFlgldL._SL500_.jpg" alt="Product Image"></a><p>BeataTap Tape, Invisible Tape, 6 Rolls + 6 Refillable Dispensers, Matte Finish, Writable, 3/4″ x 650″, Transparent Tape, Clear Tape for Gift Wrapping Paper, School Supplies</p><p> -15% 0FF </p><p>$5.94 ($0.99 / Count)</p><a href="https://www.amazon.com/dp/B0DQHV6X92?tag=eloabder-20&linkCode=osi&th=1&psc=1">View Product</a></div><div class="product"><a href="https://www.amazon.com/dp/B07CB6LN5S?tag=eloabder-20&linkCode=osi&th=1&psc=1"><img src="https://m.media-amazon.com/images/I/41NNyeISnjL._SL500_.jpg" alt="Product Image"></a><p>Scotch Super-Hold Tape, 2 Rolls, Transparent Finish, 50% More Adhesive, Trusted Favorite, 3/4 x 600 Inches, Dispensered (198DM-2)</p><p> -30% 0FF </p><p>$5.97</p><a href="https://www.amazon.com/dp/B07CB6LN5S?tag=eloabder-20&linkCode=osi&th=1&psc=1">View Product</a></div><div class="product"><a href="https://www.amazon.com/dp/B00464740A?tag=eloabder-20&linkCode=osi&th=1&psc=1"><img src="https://m.media-amazon.com/images/I/51ZPFoiGfuL._SL500_.jpg" alt="Product Image"></a><p>Scotch Sure Start Shipping Packaging Tape, 1.88" x 22.2 yd, Designed for Packing, Shipping and Mailing, Quiet Unwind, No Splitting or Tearing, 1.5" Core, Clear, 6 Dispensered Rolls (145-6)</p><p> -28% 0FF </p><p>$13.48</p><a href="https://www.amazon.com/dp/B00464740A?tag=eloabder-20&linkCode=osi&th=1&psc=1">View Product</a></div><div class="product"><a href="https://www.amazon.com/dp/B09C6LLG9P?tag=eloabder-20&linkCode=osi&th=1&psc=1"><img src="https://m.media-amazon.com/images/I/41rbv66ZNBL._SL500_.jpg" alt="Product Image"></a><p>Scotch Box Lock Packaging Tape, 1 Roll with Dispenser, 1.88 in x 1000 in, Extreme Grip, Sticks Instantly to Any Box (195L)</p><p> -31% 0FF </p><p>$4.12</p><a href="https://www.amazon.com/dp/B09C6LLG9P?tag=eloabder-20&linkCode=osi&th=1&psc=1">View Product</a></div>
<div class="product"><a href="https://www.amazon.com/dp/B08QQZ71CV?tag=eloabder-20&linkCode=osi&th=1&psc=1"><img src="https://m.media-amazon.com/images/I/51Foz0aGYoS._SL500_.jpg" alt="Product Image"></a><p>Gorilla Super Glue, Clear Glue, Four 3 Gram Tubes (Pack of 1) - All Purpose and Fast Setting for Projects and Repairs</p><p> -25% 0FF </p><p>$9.49 ($22.60 / Ounce)</p><a href="https://www.amazon.com/dp/B08QQZ71CV?tag=eloabder-20&linkCode=osi&th=1&psc=1">View Product</a></div><div class="product"><a href="https://www.amazon.com/dp/B07J6R3GK7?tag=eloabder-20&linkCode=osi&th=1&psc=1"><img src="https://m.media-amazon.com/images/I/31kdOjGBkpL._SL500_.jpg" alt="Product Image"></a><p>Amazon Basics All Purpose Washable School Clear Liquid Glue - Great for Making Slime, 128 fl oz</p><p> -6% 0FF </p><p>$16.13</p><a href="https://www.amazon.com/dp/B07J6R3GK7?tag=eloabder-20&linkCode=osi&th=1&psc=1">View Product</a></div><div class="product"><a href="https://www.amazon.com/dp/B00178QQJ8?tag=eloabder-20&linkCode=osi&th=1&psc=1"><img src="https://m.media-amazon.com/images/I/41zs6k410RL._SL500_.jpg" alt="Product Image"></a><p>Mod Podge Gloss Sealer, Glue & Finish: All-in-One Craft Solution- Quick Dry, Easy Clean, for Wood, Paper, Fabric & More. Non-Toxic - Craft with Confidence, Made in USA, 16 oz., Pack of 1</p><p> -36% 0FF </p><p>$7.99 ($0.50 / Fl Oz)</p><a href="https://www.amazon.com/dp/B00178QQJ8?tag=eloabder-20&linkCode=osi&th=1&psc=1">View Product</a></div><div class="product"><a href="https://www.amazon.com/dp/B073V14DZJ?tag=eloabder-20&linkCode=osi&th=1&psc=1"><img src="https://m.media-amazon.com/images/I/31Iyy5+vk6L._SL500_.jpg" alt="Product Image"></a><p>Amazon Basics All Purpose Washable School Craft Liquid Glue for Making Slime, White, Single Pack, 1 Gallon</p><p> -7% 0FF </p><p>$15.54</p><a href="https://www.amazon.com/dp/B073V14DZJ?tag=eloabder-20&linkCode=osi&th=1&psc=1">View Product</a></div><div class="product"><a href="https://www.amazon.com/dp/B0006HUJCQ?tag=eloabder-20&linkCode=osi&th=1&psc=1"><img src="https://m.media-amazon.com/images/I/511pTqChTCL._SL500_.jpg" alt="Product Image"></a><p>Loctite Super Glue Gel Control, Clear, 0.14 fl oz Bottle, 1 Pack - Superglue for Plastic, Wood, Metal, Crafts & Repair, Cyanoacrylate Adhesive Instant Glue, Quick Dry</p><p> -13% 0FF </p><p>$3.64 ($26.00 / Fl Oz)</p><a href="https://www.amazon.com/dp/B0006HUJCQ?tag=eloabder-20&linkCode=osi&th=1&psc=1">View Product</a></div>
<div class="product"><a href="https://www.amazon.com/dp/B074XTRX7K?tag=eloabder-20&linkCode=osi&th=1&psc=1"><img src="https://m.media-amazon.com/images/I/31rOPIrMfDL._SL500_.jpg" alt="Product Image"></a><p>Amazon Basics Sturdy Binder Clips for Office Use, 96 Count (8 Pack of 12), Medium, 1.25 in, Black</p><p> -26% 0FF </p><p>$7.48</p><a href="https://www.amazon.com/dp/B074XTRX7K?tag=eloabder-20&linkCode=osi&th=1&psc=1">View Product</a></div><div class="product"><a href="https://www.amazon.com/dp/B00TQ8FDB8?tag=eloabder-20&linkCode=osi&th=1&psc=1"><img src="https://m.media-amazon.com/images/I/51y7lUrMLnL._SL500_.jpg" alt="Product Image"></a><p>ACCO Binder Clips, Medium, Black, 12 per Box, 2 Boxes (72062)</p><p> -25% 0FF </p><p>$5.96</p><a href="https://www.amazon.com/dp/B00TQ8FDB8?tag=eloabder-20&linkCode=osi&th=1&psc=1">View Product</a></div><div class="product"><a href="https://www.amazon.com/dp/B08KWCDP3C?tag=eloabder-20&linkCode=osi&th=1&psc=1"><img src="https://m.media-amazon.com/images/I/41qucDz6HuL._SL500_.jpg" alt="Product Image"></a><p>Ufmarine Medium Binder Clips 1.25 inch Length, (40 Pcs) Colorful Paper Clips Medium for Office</p><p> -12% 0FF </p><p>$5.99</p><a href="https://www.amazon.com/dp/B08KWCDP3C?tag=eloabder-20&linkCode=osi&th=1&psc=1">View Product</a></div>
<div class="product"><a href="https://www.amazon.com/dp/B09XQLJFDD?tag=eloabder-20&linkCode=osi&th=1&psc=1"><img src="https://m.media-amazon.com/images/I/41iiSFMy4uL._SL500_.jpg" alt="Product Image"></a><p>PAPERPAL Paperclips for Office School & Personal Use, #1 Nonskid Paper Clip (1-2/7"), 600 Medium Paper Clips (6 Boxes of 100 Each), Silver</p><p> -20% 0FF </p><p>$7.99</p><a href="https://www.amazon.com/dp/B09XQLJFDD?tag=eloabder-20&linkCode=osi&th=1&psc=1">View Product</a></div>

<div class="product"><a href="https://www.amazon.com/dp/B004I2G8NO?tag=eloabder-20&linkCode=osi&th=1&psc=1"><img src="https://m.media-amazon.com/images/I/51WEsLRINGL._SL500_.jpg" alt="Product Image"></a><p>Business Source Rubber Band, Natural (1914LB)</p><p> -26% 0FF </p><p>$4.00</p><a href="https://www.amazon.com/dp/B004I2G8NO?tag=eloabder-20&linkCode=osi&th=1&psc=1">View Product</a></div><div class="product"><a href="https://www.amazon.com/dp/B077GDY1LP?tag=eloabder-20&linkCode=osi&th=1&psc=1"><img src="https://m.media-amazon.com/images/I/41nn0nmNTiL._SL500_.jpg" alt="Product Image"></a><p>ANNIE 1000 RUBBER BANDS 1/2" #BLACK</p><p> -7% 0FF </p><p>$4.90 ($1.22 / Count)</p><a href="https://www.amazon.com/dp/B077GDY1LP?tag=eloabder-20&linkCode=osi&th=1&psc=1">View Product</a></div><div class="product"><a href="https://www.amazon.com/dp/B000783OPI?tag=eloabder-20&linkCode=osi&th=1&psc=1"><img src="https://m.media-amazon.com/images/I/510okXKzMqL._SL500_.jpg" alt="Product Image"></a><p>Universal 00419 19-Size Rubber Bands (335 Per Pack), Beige</p><p> -29% 0FF </p><p>$3.44</p><a href="https://www.amazon.com/dp/B000783OPI?tag=eloabder-20&linkCode=osi&th=1&psc=1">View Product</a></div><div class="product"><a href="https://www.amazon.com/dp/B00006IBRU?tag=eloabder-20&linkCode=osi&th=1&psc=1"><img src="https://m.media-amazon.com/images/I/51pU5khkX8L._SL500_.jpg" alt="Product Image"></a><p>ALL26335 - Alliance Rubber 26335 Advantage Rubber Bands - Size #33, Natural, 1 Pound 3 x 1/8 inches</p><p> -62% 0FF </p><p>$3.29</p><a href="https://www.amazon.com/dp/B00006IBRU?tag=eloabder-20&linkCode=osi&th=1&psc=1">View Product</a></div>
<div class="product"><a href="https://www.amazon.com/dp/B0DSKTZBB6?tag=eloabder-20&linkCode=osi&th=1&psc=1"><img src="https://m.media-amazon.com/images/I/415YD3kNFlL._SL500_.jpg" alt="Product Image"></a><p>300 Count Colored Index Cards 3 x 5 Inch Ruled Index Cards, Flash Cards College Ruled for School, College, Office and Home Organization, Durable Study To Do List Note Cards with Ruled Lines</p><p> -10% 0FF </p><p>$6.29</p><a href="https://www.amazon.com/dp/B0DSKTZBB6?tag=eloabder-20&linkCode=osi&th=1&psc=1">View Product</a></div><div class="product"><a href="https://www.amazon.com/dp/B09JYQZQ3V?tag=eloabder-20&linkCode=osi&th=1&psc=1"><img src="https://m.media-amazon.com/images/I/41y5vfnutuL._SL500_.jpg" alt="Product Image"></a><p>Oxford Index Cards, 3 x 5 Inches, White, Lined on Front, Blank on Back, Flashcards for School and Studying, Recipe Note Cards, 500 Count (5 Packs of 100) (40176)</p><p> -22% 0FF </p><p>$7.01</p><a href="https://www.amazon.com/dp/B09JYQZQ3V?tag=eloabder-20&linkCode=osi&th=1&psc=1">View Product</a></div>
<div class="product"><a href="https://www.amazon.com/dp/B00P9U2EM8?tag=eloabder-20&linkCode=osi&th=1&psc=1"><img src="https://m.media-amazon.com/images/I/41Op5kyIukL._SL500_.jpg" alt="Product Image"></a><p>Mead Spiral Notebook, 6 Pack, 1 Subject, College Ruled Paper, 7-1/2" x 10-1/2", 70 Sheets per Notebook, Colors Will Vary (830062-ECM25)</p><p> -46% 0FF </p><p>$6.71</p><a href="https://www.amazon.com/dp/B00P9U2EM8?tag=eloabder-20&linkCode=osi&th=1&psc=1">View Product</a></div><div class="product"><a href="https://www.amazon.com/dp/B0CQN8FVJX?tag=eloabder-20&linkCode=osi&th=1&psc=1"><img src="https://m.media-amazon.com/images/I/414WVVoGFPL._SL500_.jpg" alt="Product Image"></a><p>SUNEE Spiral Notebooks, 1-Subject, 5 Pack, College Ruled Paper, 8" x 10-1/2", 70 Sheets per Notebook,3-Hole Punched Paper, Pink,Purple, Blue, Green, Yellow Spiral Lined Notebooks for School,Work</p><p> -29% 0FF </p><p>$9.99</p><a href="https://www.amazon.com/dp/B0CQN8FVJX?tag=eloabder-20&linkCode=osi&th=1&psc=1">View Product</a></div><div class="product"><a href="https://www.amazon.com/dp/B08NYRMWZ8?tag=eloabder-20&linkCode=osi&th=1&psc=1"><img src="https://m.media-amazon.com/images/I/41y1cnNXtOL._SL500_.jpg" alt="Product Image"></a><p>Yansanido Spiral Notebook, 4 Pcs 8.3 Inch x 5.9 Inch A5 Thick Plastic Hardcover 8mm Ruled 4 Color 80 Sheets -160 Pages Journals for Study and Notes (style 10-Wine Red,Brown,Green,ivory, A5)</p><p> -23% 0FF </p><p>$9.99</p><a href="https://www.amazon.com/dp/B08NYRMWZ8?tag=eloabder-20&linkCode=osi&th=1&psc=1">View Product</a></div><div class="product"><a href="https://www.amazon.com/dp/B08VF9VYLZ?tag=eloabder-20&linkCode=osi&th=1&psc=1"><img src="https://m.media-amazon.com/images/I/41ktUSmtHAL._SL500_.jpg" alt="Product Image"></a><p>Oxford Spiral Notebooks, 6 Pack, 1 Subject, Wide Ruled Notebooks for School, 8 x 10.5 Inches, 70 Sheets, Assorted Pastel Colors, Back to School Supplies (63757)</p><p> -6% 0FF </p><p>$8.99</p><a href="https://www.amazon.com/dp/B08VF9VYLZ?tag=eloabder-20&linkCode=osi&th=1&psc=1">View Product</a></div>
<div class="product"><a href="https://www.amazon.com/dp/B0FDRCSXZH?tag=eloabder-20&linkCode=osi&th=1&psc=1"><img src="https://m.media-amazon.com/images/I/41rYztS-0zL._SL500_.jpg" alt="Product Image"></a><p>5pcs Small Note Pads, Color Notepads 5x8 College Ruled Notebook, Writing Pads 5 x 8, Legal Pads, Memo Pad Paper Perforate Narrow Ruled Notebooks for Work, School, Office Supplies,30 Sheets/Pack</p><p> -14% 0FF </p><p>$5.99</p><a href="https://www.amazon.com/dp/B0FDRCSXZH?tag=eloabder-20&linkCode=osi&th=1&psc=1">View Product</a></div><div class="product"><a href="https://www.amazon.com/dp/B0BZQNCV62?tag=eloabder-20&linkCode=osi&th=1&psc=1"><img src="https://m.media-amazon.com/images/I/41yNqvqCwoL._SL500_.jpg" alt="Product Image"></a><p>Alitte Legal Notepads 8.5 x 11, Pack of 12 - Perforated Wide Ruled Writing Pad - Premium Thick Paper, No Ink Bleeding - Blank Legal Pads For Home, Office, School, Business - 50 Sheets Per Notebook</p><p> -17% 0FF </p><p>$24.99</p><a href="https://www.amazon.com/dp/B0BZQNCV62?tag=eloabder-20&linkCode=osi&th=1&psc=1">View Product</a></div>
<div class="product"><a href="https://www.amazon.com/dp/B0C7S1PCX4?tag=eloabder-20&linkCode=osi&th=1&psc=1"><img src="https://m.media-amazon.com/images/I/41nVRBg2klL._SL500_.jpg" alt="Product Image"></a><p>Oxford 8.5 x 11 Legal Pads, 12 Pack, Wide Ruled, Yellow Paper, 50 Sheets Per Writing Pad, Made in the USA (74020)</p><p> -30% 0FF </p><p>$12.60</p><a href="https://www.amazon.com/dp/B0C7S1PCX4?tag=eloabder-20&linkCode=osi&th=1&psc=1">View Product</a></div><div class="product"><a href="https://www.amazon.com/dp/B0CGF22134?tag=eloabder-20&linkCode=osi&th=1&psc=1"><img src="https://m.media-amazon.com/images/I/41FzLgeXAyL._SL500_.jpg" alt="Product Image"></a><p>MSKKSM Legal Pads 8.5 x 11, 3 Pack Yellow Note Pads 8.5 x 11 Writing Pads, Wide Ruled Legal Notepads, Lined Pads of Paper Yellow Paper Pads, 30 Sheets Per Notepad for School, Home, Office, Business</p><p> -17% 0FF </p><p>$9.99</p><a href="https://www.amazon.com/dp/B0CGF22134?tag=eloabder-20&linkCode=osi&th=1&psc=1">View Product</a></div><div class="product"><a href="https://www.amazon.com/dp/B0FCMWHFC2?tag=eloabder-20&linkCode=osi&th=1&psc=1"><img src="https://m.media-amazon.com/images/I/41MMVFB-S4L._SL500_.jpg" alt="Product Image"></a><p>5pcs Legal Pads 8.5 x 11, Notepads 8.5 x 11 Inch, Color Note Pads Clear Print Writing Pads of Paper, Memo Pads , Perforate Legal Notepads Paper , Wide Ruled Lined with Sturdy Back,30 Sheets/Pack</p><p> -8% 0FF </p><p>$11.99</p><a href="https://www.amazon.com/dp/B0FCMWHFC2?tag=eloabder-20&linkCode=osi&th=1&psc=1">View Product</a></div>
<div class="product"><a href="https://www.amazon.com/dp/B08H593JZG?tag=eloabder-20&linkCode=osi&th=1&psc=1"><img src="https://m.media-amazon.com/images/I/415Ykzo-lyL._SL500_.jpg" alt="Product Image"></a><p>Eastern Wolf 8 Pads Sticky Notes 3x3 Self-Stick Notes 8 Bright Multi Colors Purple Sticky Notes, 85 Sheet/Pad</p><p> -20% 0FF </p><p>$5.59</p><a href="https://www.amazon.com/dp/B08H593JZG?tag=eloabder-20&linkCode=osi&th=1&psc=1">View Product</a></div><div class="product"><a href="https://www.amazon.com/dp/B0BPJW13CM?tag=eloabder-20&linkCode=osi&th=1&psc=1"><img src="https://m.media-amazon.com/images/I/41uKwTyz1rL._SL500_.jpg" alt="Product Image"></a><p>Post-it 100% Recycled Paper Super Sticky Notes, 2X The Sticking Power, 3x3 in, 5 Pads, 70 Sheets/Pad, Wanderlust Pastels Collection (654R-5SSNRP)</p><p> -33% 0FF </p><p>$5.98</p><a href="https://www.amazon.com/dp/B0BPJW13CM?tag=eloabder-20&linkCode=osi&th=1&psc=1">View Product</a></div><div class="product"><a href="https://www.amazon.com/dp/B0D6RPPK9H?tag=eloabder-20&linkCode=osi&th=1&psc=1"><img src="https://m.media-amazon.com/images/I/41O8zZ-RN4L._SL500_.jpg" alt="Product Image"></a><p>(18 Pads) Sticky Notes 3x3 inch, Self-Stick Pads Bright Colors Sticky Note, Recyclable, Easy to Post for Home, Office, Notebook</p><p> -40% 0FF </p><p>$8.39</p><a href="https://www.amazon.com/dp/B0D6RPPK9H?tag=eloabder-20&linkCode=osi&th=1&psc=1">View Product</a></div><div class="product"><a href="https://www.amazon.com/dp/B0CMGJ6FRB?tag=eloabder-20&linkCode=osi&th=1&psc=1"><img src="https://m.media-amazon.com/images/I/41xF9DqIGZL._SL500_.jpg" alt="Product Image"></a><p>Sticky Notes, 12 Pads, 3x3 inches, Soft Pastel Self-Stick Note Pads, Perfect for Office, Study, and Daily Life Organization - Soft Pastel</p><p> -16% 0FF </p><p>$5.06</p><a href="https://www.amazon.com/dp/B0CMGJ6FRB?tag=eloabder-20&linkCode=osi&th=1&psc=1">View Product</a></div>
<div class="product"><a href="https://www.amazon.com/dp/B07VRYX57R?tag=eloabder-20&linkCode=osi&th=1&psc=1"><img src="https://m.media-amazon.com/images/I/410XbLRqukL._SL500_.jpg" alt="Product Image"></a><p>(24 Pack) Sticky Notes 3x3 in Post Bright Stickies Colorful Super Sticking Power Memo Pads, Strong Adhesive, 74 Sheets/pad</p><p> -35% 0FF </p><p>$16.99</p><a href="https://www.amazon.com/dp/B07VRYX57R?tag=eloabder-20&linkCode=osi&th=1&psc=1">View Product</a></div><div class="product"><a href="https://www.amazon.com/dp/B00QSR9PRI?tag=eloabder-20&linkCode=osi&th=1&psc=1"><img src="https://m.media-amazon.com/images/I/31n-YNlgraL._SL500_.jpg" alt="Product Image"></a><p>Amazon Basics Narrow Ruled Lined Writing Note Pad, 5 inch x 8 inch, White, 12 Count (12 Pack of 50 pages)</p><p> -6% 0FF </p><p>$8.78</p><a href="https://www.amazon.com/dp/B00QSR9PRI?tag=eloabder-20&linkCode=osi&th=1&psc=1">View Product</a></div><div class="product"><a href="https://www.amazon.com/dp/B0D5M4D3NN?tag=eloabder-20&linkCode=osi&th=1&psc=1"><img src="https://m.media-amazon.com/images/I/41uzPvHBCDL._SL500_.jpg" alt="Product Image"></a><p>(12 Pack) Lined Sticky Notes 4x6 in Ruled Stickies Super Sticking Power Memo Pads Bright Colors</p><p> -40% 0FF </p><p>$8.98</p><a href="https://www.amazon.com/dp/B0D5M4D3NN?tag=eloabder-20&linkCode=osi&th=1&psc=1">View Product</a></div><div class="product"><a href="https://www.amazon.com/dp/B0CQK3M5VK?tag=eloabder-20&linkCode=osi&th=1&psc=1"><img src="https://m.media-amazon.com/images/I/31jKEzc1qFL._SL500_.jpg" alt="Product Image"></a><p>Note Pads 4x6 Inch, 6 Pack Blank Scratch Pads, 50 Sheets Per Memo Pad for Writing, White Pad of Paper Suit for Home, Office and School, Tear off Notepad, Small Server Notebook</p><p> -10% 0FF </p><p>$6.29</p><a href="https://www.amazon.com/dp/B0CQK3M5VK?tag=eloabder-20&linkCode=osi&th=1&psc=1">View Product</a></div>
<div class="product"><a href="https://www.amazon.com/dp/B0F5D4VNBX?tag=eloabder-20&linkCode=osi&th=1&psc=1"><img src="https://m.media-amazon.com/images/I/41SnXbixNcL._SL500_.jpg" alt="Product Image"></a><p>Blue Sky 2026 Weekly and Monthly Planner Calendar, Includes January 2026 - December 2026, 5" x 8", Flexible Cover, Wirebound, Laminated Tabs, Enterprise</p><p> -10% 0FF </p><p>$8.99</p><a href="https://www.amazon.com/dp/B0F5D4VNBX?tag=eloabder-20&linkCode=osi&th=1&psc=1">View Product</a></div><div class="product"><a href="https://www.amazon.com/dp/B0FRNQDRCR?tag=eloabder-20&linkCode=osi&th=1&psc=1"><img src="https://m.media-amazon.com/images/I/51rBf1oJchL._SL500_.jpg" alt="Product Image"></a><p>Essential PRO 2026 Daily, Weekly & Monthly Planner, 7"x9": 14 Months (Nov 2025 - Dec 2026) Monthly Tabs,Daily Tracking,Notes Pages,Storage Pocket,Bookmark w Sticky Notes (Tree Seasons)</p><p> -14% 0FF </p><p>$29.95</p><a href="https://www.amazon.com/dp/B0FRNQDRCR?tag=eloabder-20&linkCode=osi&th=1&psc=1">View Product</a></div><div class="product"><a href="https://www.amazon.com/dp/B0DYBQWJ5S?tag=eloabder-20&linkCode=osi&th=1&psc=1"><img src="https://m.media-amazon.com/images/I/41UP6Ui7BjL._SL500_.jpg" alt="Product Image"></a><p>AT-A-GLANCE 2026 Appointment Book Planner, Weekly, 8" x 11", Large, Quarter-Hourly, DayMinder, Black (G5200026)</p><p> -45% 0FF </p><p>$15.87</p><a href="https://www.amazon.com/dp/B0DYBQWJ5S?tag=eloabder-20&linkCode=osi&th=1&psc=1">View Product</a></div><div class="product"><a href="https://www.amazon.com/dp/B0DJ8SXCR4?tag=eloabder-20&linkCode=osi&th=1&psc=1"><img src="https://m.media-amazon.com/images/I/41sRmmLvCsL._SL500_.jpg" alt="Product Image"></a><p>Planner 2025-2026, Weekly and Monthly Calendar Academic Planner (July 2025 - June 2026), Hardcover Teacher School Student Agenda with Tabs, Ideal for School Office Supplies, A5 (6.3" x 8.5") - Green</p><p> -25% 0FF </p><p>$8.99</p><a href="https://www.amazon.com/dp/B0DJ8SXCR4?tag=eloabder-20&linkCode=osi&th=1&psc=1">View Product</a></div><div class="product"><a href="https://www.amazon.com/dp/B0D2VW43KP?tag=eloabder-20&linkCode=osi&th=1&psc=1"><img src="https://m.media-amazon.com/images/I/41eyA1Q1U4L._SL500_.jpg" alt="Product Image"></a><p>Forvencer 2026 Planner, Hardcover Calendar Planner Weekly and Monthly, January 2026 - December 2026, 8.5" x 11", Spiral Agenda Book with Tabs, Exquisite Daily Journal with Inner Pocket, Organizer Notebook for Office Home School, A4 Size, Green</p><p> -41% 0FF </p><p>$9.99</p><a href="https://www.amazon.com/dp/B0D2VW43KP?tag=eloabder-20&linkCode=osi&th=1&psc=1">View Product</a></div>
<div class="product"><a href="https://www.amazon.com/dp/B0DYBYRY3R?tag=eloabder-20&linkCode=osi&th=1&psc=1"><img src="https://m.media-amazon.com/images/I/41oxPcKnCuL._SL500_.jpg" alt="Product Image"></a><p>AT-A-GLANCE 2026 Desk Calendar, Monthly, Desk Pad, 21-3/4" x 17", Large, Ruled Blocks (SK240026)</p><p> -19% 0FF </p><p>$11.89</p><a href="https://www.amazon.com/dp/B0DYBYRY3R?tag=eloabder-20&linkCode=osi&th=1&psc=1">View Product</a></div><div class="product"><a href="https://www.amazon.com/dp/B0DXQ416QR?tag=eloabder-20&linkCode=osi&th=1&psc=1"><img src="https://m.media-amazon.com/images/I/41o3YUjfIVL._SL500_.jpg" alt="Product Image"></a><p>Aesthetic 2025-2026 Wall Calendar - Runs from May 2025 Until December 2026 - The Perfect Modern Calendar Planner for Easy Organizing</p><p> -43% 0FF </p><p>$3.99</p><a href="https://www.amazon.com/dp/B0DXQ416QR?tag=eloabder-20&linkCode=osi&th=1&psc=1">View Product</a></div><div class="product"><a href="https://www.amazon.com/dp/B0CCRXKSK8?tag=eloabder-20&linkCode=osi&th=1&psc=1"><img src="https://m.media-amazon.com/images/I/51eOdkimr+L._SL500_.jpg" alt="Product Image"></a><p>SUNEE Wall Calendar 2025-2026 Large 22.75"x15.5", 21 Month Calendar from October 2025 to June 2027, Vertical Extra Large Monthly Calendar 2026 for Wall, Seasons Color</p><p> -24% 0FF </p><p>$15.19</p><a href="https://www.amazon.com/dp/B0CCRXKSK8?tag=eloabder-20&linkCode=osi&th=1&psc=1">View Product</a></div><div class="product"><a href="https://www.amazon.com/dp/B0F7HZ7C9G?tag=eloabder-20&linkCode=osi&th=1&psc=1"><img src="https://m.media-amazon.com/images/I/41rkKO18HGL._SL500_.jpg" alt="Product Image"></a><p>Beautiful 2025-2026 Wall Calendar - Runs from July 2025 until December 2026 – Large 14.5" x 11.5" Office Wall Calendar for Easy Organizing</p><p> -10% 0FF </p><p>$8.99</p><a href="https://www.amazon.com/dp/B0F7HZ7C9G?tag=eloabder-20&linkCode=osi&th=1&psc=1">View Product</a></div><div class="product"><a href="https://www.amazon.com/dp/B0DYDC7ZLV?tag=eloabder-20&linkCode=osi&th=1&psc=1"><img src="https://m.media-amazon.com/images/I/51MOLWJ45HL._SL500_.jpg" alt="Product Image"></a><p>XISIDO 2025-2026 Wall Calendar, Calendar 2025-2026, 18 Month Calendar July 2025 - December 2026, 14.8" X 11.5", Calendar with Twin-Wire Binding, Hanging Hook and Julian Dates (Seasonal Designs)</p><p> -20% 0FF </p><p>$7.99</p><a href="https://www.amazon.com/dp/B0DYDC7ZLV?tag=eloabder-20&linkCode=osi&th=1&psc=1">View Product</a></div><div class="product"><a href="https://www.amazon.com/dp/B0D2KCVBBD?tag=eloabder-20&linkCode=osi&th=1&psc=1"><img src="https://m.media-amazon.com/images/I/51Eg-3ZKZxL._SL500_.jpg" alt="Product Image"></a><p>XISIDO Calendar 2025-2026, 18 Months Wall Calendar July 2025 to Dec 2026 Calendar with Julian Dates, 11" X 8.5" (Colorful)</p><p> -33% 0FF </p><p>$3.99</p><a href="https://www.amazon.com/dp/B0D2KCVBBD?tag=eloabder-20&linkCode=osi&th=1&psc=1">View Product</a></div><div class="product"><a href="https://www.amazon.com/dp/B0DY7R9226?tag=eloabder-20&linkCode=osi&th=1&psc=1"><img src="https://m.media-amazon.com/images/I/41eTUjCfzFL._SL500_.jpg" alt="Product Image"></a><p>Lbylyhxc Wall Calendar 2025-2026 - Runs from July 2025 to December 2026-18 Monthly Calendar 2026. Thick Paper includes major holidays and dedicated space for notes and important dates (Colorful Calendar 2025-2026)</p><p> -50% 0FF </p><p>$2.49</p><a href="https://www.amazon.com/dp/B0DY7R9226?tag=eloabder-20&linkCode=osi&th=1&psc=1">View Product</a></div>
<div class="product"><a href="https://www.amazon.com/dp/B00NI5LVAW?tag=eloabder-20&linkCode=osi&th=1&psc=1"><img src="https://m.media-amazon.com/images/I/31X0RgqQ1ML._SL500_.jpg" alt="Product Image"></a><p>Pendaflex File Folders, Letter Size, 1/3 Cut, Manila, 250 per Box (752250)</p><p> -11% 0FF </p><p>$26.50</p><a href="https://www.amazon.com/dp/B00NI5LVAW?tag=eloabder-20&linkCode=osi&th=1&psc=1">View Product</a></div><div class="product"><a href="https://www.amazon.com/dp/B0D1YBFHS8?tag=eloabder-20&linkCode=osi&th=1&psc=1"><img src="https://m.media-amazon.com/images/I/41qkHxiS+vL._SL500_.jpg" alt="Product Image"></a><p>SUNEE File Folders, 30 Pack Manilla Folders 8.5 x 11, Colored File Folders Home Office School Supplies for Documents Files Paper, 6 Assorted Colors</p><p> -26% 0FF </p><p>$9.99</p><a href="https://www.amazon.com/dp/B0D1YBFHS8?tag=eloabder-20&linkCode=osi&th=1&psc=1">View Product</a></div><div class="product"><a href="https://www.amazon.com/dp/B000DZ9XGO?tag=eloabder-20&linkCode=osi&th=1&psc=1"><img src="https://m.media-amazon.com/images/I/31WKzTB-4WL._SL500_.jpg" alt="Product Image"></a><p>Oxford Two-Pocket Folders, Assorted Colors, Letter Size, 25 per box (57513)</p><p> -32% 0FF </p><p>$12.23</p><a href="https://www.amazon.com/dp/B000DZ9XGO?tag=eloabder-20&linkCode=osi&th=1&psc=1">View Product</a></div><div class="product"><a href="https://www.amazon.com/dp/B0F8H75MLS?tag=eloabder-20&linkCode=osi&th=1&psc=1"><img src="https://m.media-amazon.com/images/I/41GV18+8+zL._SL500_.jpg" alt="Product Image"></a><p>Plastic Folders with Pockets, 6 Pack Document Folders with Business Card Slot, 2 Pocket Folders Back to School Supplies for Kids, Office</p><p> -33% 0FF </p><p>$5.99</p><a href="https://www.amazon.com/dp/B0F8H75MLS?tag=eloabder-20&linkCode=osi&th=1&psc=1">View Product</a></div><div class="product"><a href="https://www.amazon.com/dp/B0CPDTKFVF?tag=eloabder-20&linkCode=osi&th=1&psc=1"><img src="https://m.media-amazon.com/images/I/41PQ8ToLyhL._SL500_.jpg" alt="Product Image"></a><p>Aegero Plastic Folders with Pockets (7 Pack, Assorted Colors), Durable Heavy Duty File Folders with Business Card Slot, 2-Pocket Folder for Schoolwork & Office,Letter Size…</p><p> -11% 0FF </p><p>$7.99</p><a href="https://www.amazon.com/dp/B0CPDTKFVF?tag=eloabder-20&linkCode=osi&th=1&psc=1">View Product</a></div>
<div class="product"><a href="https://www.amazon.com/dp/B0CSPT4RFH?tag=eloabder-20&linkCode=osi&th=1&psc=1"><img src="https://m.media-amazon.com/images/I/31O8kdFg7FL._SL500_.jpg" alt="Product Image"></a><p>Two Tone Color File Folders 8.5 x 11 Inch, 1/3 Cut Tab File Folders Letter Size, Assorted Colors, Blue Red Green Yellow Orange Manila File Folders, School Business Office Folders for Document -15 Pack</p><p> -13% 0FF </p><p>$6.99</p><a href="https://www.amazon.com/dp/B0CSPT4RFH?tag=eloabder-20&linkCode=osi&th=1&psc=1">View Product</a></div><div class="product"><a href="https://www.amazon.com/dp/B01MXC0YS5?tag=eloabder-20&linkCode=osi&th=1&psc=1"><img src="https://m.media-amazon.com/images/I/41YLerNwKTL._SL500_.jpg" alt="Product Image"></a><p>Pendaflex Hanging File Folders, Letter Size, Assorted Colors, 1/5-Cut Adjustable Tabs, 25 Per Box (81663)</p><p> -7% 0FF </p><p>$13.99</p><a href="https://www.amazon.com/dp/B01MXC0YS5?tag=eloabder-20&linkCode=osi&th=1&psc=1">View Product</a></div><div class="product"><a href="https://www.amazon.com/dp/B0896Q5MMC?tag=eloabder-20&linkCode=osi&th=1&psc=1"><img src="https://m.media-amazon.com/images/I/41jDOLSqtWL._SL500_.jpg" alt="Product Image"></a><p>Pendaflex Two Tone Color File Folders, Letter Size, Assorted Colors (Teal, Violet, Gray, Navy and Burgundy), 1/3-Cut Tabs, 5 Color, 100/Box, (02315)</p><p> -27% 0FF </p><p>$13.89</p><a href="https://www.amazon.com/dp/B0896Q5MMC?tag=eloabder-20&linkCode=osi&th=1&psc=1">View Product</a></div><div class="product"><a href="https://www.amazon.com/dp/B0D1YCC6KK?tag=eloabder-20&linkCode=osi&th=1&psc=1"><img src="https://m.media-amazon.com/images/I/31aHHvZVc+L._SL500_.jpg" alt="Product Image"></a><p>SUNEE File Folders, 30 Pack Manilla Folders 8.5 x 11, Colored File Folders Home Office School Supplies for Documents Files Paper,6 Pastel Colors</p><p> -26% 0FF </p><p>$9.99</p><a href="https://www.amazon.com/dp/B0D1YCC6KK?tag=eloabder-20&linkCode=osi&th=1&psc=1">View Product</a></div>
<div class="product"><a href="https://www.amazon.com/dp/B0FGXLHFDD?tag=eloabder-20&linkCode=osi&th=1&psc=1"><img src="https://m.media-amazon.com/images/I/414ng1TKsOL._SL500_.jpg" alt="Product Image"></a><p>Trandraft Plastic Extra Capacity Hanging File Folders, 5 Inch Expanding Pocket with Movable Dividers, Letter Size Black File Folders with Insertable Tabs for Filing Cabine</p><p> -5% 0FF </p><p>$18.99</p><a href="https://www.amazon.com/dp/B0FGXLHFDD?tag=eloabder-20&linkCode=osi&th=1&psc=1">View Product</a></div><div class="product"><a href="https://www.amazon.com/dp/B08QTW4GJT?tag=eloabder-20&linkCode=osi&th=1&psc=1"><img src="https://m.media-amazon.com/images/I/41OVgNttdnL._SL500_.jpg" alt="Product Image"></a><p>Pendaflex Reinforced Hanging Folders, Letter Size, Assorted Colors 1/5 Cut, Tabs and Inserts, 25 Per Box (41522AMZ)</p><p> -32% 0FF </p><p>$13.99</p><a href="https://www.amazon.com/dp/B08QTW4GJT?tag=eloabder-20&linkCode=osi&th=1&psc=1">View Product</a></div><div class="product"><a href="https://www.amazon.com/dp/B07Y67ZCJS?tag=eloabder-20&linkCode=osi&th=1&psc=1"><img src="https://m.media-amazon.com/images/I/51g37Wkw2CL._SL500_.jpg" alt="Product Image"></a><p>EASEPRES 5 Pocket Mesh Hanging Wall File Organizer, Wall Mounted Mail Paper Document Folder Holder, Clipboard Storage Organization Magazine Rack with Nametag Label for Office Home School, Black</p><p> -30% 0FF </p><p>$22.99</p><a href="https://www.amazon.com/dp/B07Y67ZCJS?tag=eloabder-20&linkCode=osi&th=1&psc=1">View Product</a></div><div class="product"><a href="https://www.amazon.com/dp/B0CGWNNBCV?tag=eloabder-20&linkCode=osi&th=1&psc=1"><img src="https://m.media-amazon.com/images/I/31SGzCfPDcL._SL500_.jpg" alt="Product Image"></a><p>SUNEE 25 Count Hanging File Folders, Pastel Colors, Hanging File Folders Letter Size, Hanging Folders with 1/5-cut Tabs, Designed for Bulky Files, Filing Cabinets, Medical Charts</p><p> -15% 0FF </p><p>$16.99</p><a href="https://www.amazon.com/dp/B0CGWNNBCV?tag=eloabder-20&linkCode=osi&th=1&psc=1">View Product</a></div><div class="product"><a href="https://www.amazon.com/dp/B00006IF4G?tag=eloabder-20&linkCode=osi&th=1&psc=1"><img src="https://m.media-amazon.com/images/I/31LuYqWSObL._SL500_.jpg" alt="Product Image"></a><p>Smead Standard Hanging File Folders, 25 Count, Assorted Primaries, 1/5-Cut Adjustable Tabs, Letter Size (64059)</p><p> -7% 0FF </p><p>$13.55</p><a href="https://www.amazon.com/dp/B00006IF4G?tag=eloabder-20&linkCode=osi&th=1&psc=1">View Product</a></div>
<div class="product"><a href="https://www.amazon.com/dp/B0C77GP9XB?tag=eloabder-20&linkCode=osi&th=1&psc=1"><img src="https://m.media-amazon.com/images/I/415Jszg3LKL._SL500_.jpg" alt="Product Image"></a><p>SKYDUE Expanding File Organizer with 8 Pockets, Accordion File Folders with Labels, Portable Document Paper Bill Receipt Organizer, Home College School Office Supplies, Letter Size, Blue</p><p> -13% 0FF </p><p>$6.98</p><a href="https://www.amazon.com/dp/B0C77GP9XB?tag=eloabder-20&linkCode=osi&th=1&psc=1">View Product</a></div><div class="product"><a href="https://www.amazon.com/dp/B0013CETUQ?tag=eloabder-20&linkCode=osi&th=1&psc=1"><img src="https://m.media-amazon.com/images/I/51GxTzd4XbL._SL500_.jpg" alt="Product Image"></a><p>Pendaflex R217DHD Heavy-Duty Expanding Open Top File, 31 Pockets, 1/3 Tab, Letter, Brown</p><p> -36% 0FF </p><p>$15.90</p><a href="https://www.amazon.com/dp/B0013CETUQ?tag=eloabder-20&linkCode=osi&th=1&psc=1">View Product</a></div><div class="product"><a href="https://www.amazon.com/dp/B000UHJCZC?tag=eloabder-20&linkCode=osi&th=1&psc=1"><img src="https://m.media-amazon.com/images/I/31bbG1gUU2L._SL500_.jpg" alt="Product Image"></a><p>Pendaflex Expanding File Pockets, Letter Size, Redrope, 3.5" Expansion, Reinforced with DuPont™ Tyvek® Material, Redrope, 25 per Box (1524E-OX)</p><p> -9% 0FF </p><p>$27.37</p><a href="https://www.amazon.com/dp/B000UHJCZC?tag=eloabder-20&linkCode=osi&th=1&psc=1">View Product</a></div><div class="product"><a href="https://www.amazon.com/dp/B000FD9YHM?tag=eloabder-20&linkCode=osi&th=1&psc=1"><img src="https://m.media-amazon.com/images/I/511Yz6zbRaL._SL500_.jpg" alt="Product Image"></a><p>Pendaflex Heavy Duty Expanding File with Extra-Thick Cover, Tyvek Reinforced Edges, 21 Pockets, A–Z Tabs, Elastic Cord Closure, Letter Size (R117ALHD),Brown</p><p> -14% 0FF </p><p>$14.99</p><a href="https://www.amazon.com/dp/B000FD9YHM?tag=eloabder-20&linkCode=osi&th=1&psc=1">View Product</a></div>
<div class="product"><a href="https://www.amazon.com/dp/B07GKPZDG4?tag=eloabder-20&linkCode=osi&th=1&psc=1"><img src="https://m.media-amazon.com/images/I/51sUuF8kU-L._SL500_.jpg" alt="Product Image"></a><p>Cardinal Economy 3 Ring Binder, 1.5 Inch, Presentation View, Black, Holds 350 Sheets, Nonstick, PVC Free, 4 Pack of Binders (79519)</p><p> -42% 0FF </p><p>$9.19</p><a href="https://www.amazon.com/dp/B07GKPZDG4?tag=eloabder-20&linkCode=osi&th=1&psc=1">View Product</a></div><div class="product"><a href="https://www.amazon.com/dp/B0BF57LL4V?tag=eloabder-20&linkCode=osi&th=1&psc=1"><img src="https://m.media-amazon.com/images/I/317fBolZ+4L._SL500_.jpg" alt="Product Image"></a><p>1-inch 3 Ring Binder with 2 Interior Pockets, 1'' Basic Binders Holds US Letter Size 8.5'' x 11'' Paper - Versatile Binders for Office, Home, and School Use, 6 Pack (White)</p><p> -15% 0FF </p><p>$24.64</p><a href="https://www.amazon.com/dp/B0BF57LL4V?tag=eloabder-20&linkCode=osi&th=1&psc=1">View Product</a></div><div class="product"><a href="https://www.amazon.com/dp/B0BXKQ7YTW?tag=eloabder-20&linkCode=osi&th=1&psc=1"><img src="https://m.media-amazon.com/images/I/416TyBdEZYL._SL500_.jpg" alt="Product Image"></a><p>SUNEE 3 Ring Binder 1 Inch 4 Pack, Clear View 1" Binders Three Ring PVC-Free (Fit 8.5x11 Inches) for School or Office Supplies, Assorted Pastel</p><p> -17% 0FF </p><p>$14.85</p><a href="https://www.amazon.com/dp/B0BXKQ7YTW?tag=eloabder-20&linkCode=osi&th=1&psc=1">View Product</a></div><div class="product"><a href="https://www.amazon.com/dp/B0D2ZF8FHZ?tag=eloabder-20&linkCode=osi&th=1&psc=1"><img src="https://m.media-amazon.com/images/I/31smaJgK7vL._SL500_.jpg" alt="Product Image"></a><p>BinderX Extra Durable 3 Ring Binder, Round Rings 1 Inch Binder, Fits 175 Sheets of 8.5x11 Paper, Customizable View Cover with Inside Pockets, Cute 1" Binders, 1 Inch Binders 3 Ring, Pink</p><p> -36% 0FF </p><p>$8.99</p><a href="https://www.amazon.com/dp/B0D2ZF8FHZ?tag=eloabder-20&linkCode=osi&th=1&psc=1">View Product</a></div><div class="product"><a href="https://www.amazon.com/dp/B001B0GJDU?tag=eloabder-20&linkCode=osi&th=1&psc=1"><img src="https://m.media-amazon.com/images/I/41vpkaYBqsL._SL500_.jpg" alt="Product Image"></a><p>Avery Heavy-Duty View 3 Ring Binder, 1" One Touch Slant Rings, Holds 8.5" x 11" Paper, 1 Black Binder (05300)</p><p> -46% 0FF </p><p>$5.89</p><a href="https://www.amazon.com/dp/B001B0GJDU?tag=eloabder-20&linkCode=osi&th=1&psc=1">View Product</a></div>
<div class="product"><a href="https://www.amazon.com/dp/B092CM3KVX?tag=eloabder-20&linkCode=osi&th=1&psc=1"><img src="https://m.media-amazon.com/images/I/51kltWaLgmL._SL500_.jpg" alt="Product Image"></a><p>Avery Write & Erase Dividers for 3 Ring Binders, 8 Tabs per Set, Multicolor Big Tabs, Pastels, Binder Dividers Great for Organizing Reports, Projects, and More (16271)</p><p> -31% 0FF </p><p>$3.90</p><a href="https://www.amazon.com/dp/B092CM3KVX?tag=eloabder-20&linkCode=osi&th=1&psc=1">View Product</a></div><div class="product"><a href="https://www.amazon.com/dp/B08WBYPVGJ?tag=eloabder-20&linkCode=osi&th=1&psc=1"><img src="https://m.media-amazon.com/images/I/31NPQ52TfAL._SL500_.jpg" alt="Product Image"></a><p>Oxford Blank Write On Binder Dividers, 1/5 Cut Tabs, 3 Hole Punch Dividers in 5 Tab Sets, 100 Dividers, 20 Sets, White (89981)</p><p> -5% 0FF </p><p>$15.19</p><a href="https://www.amazon.com/dp/B08WBYPVGJ?tag=eloabder-20&linkCode=osi&th=1&psc=1">View Product</a></div><div class="product"><a href="https://www.amazon.com/dp/B0CZL39ZHS?tag=eloabder-20&linkCode=osi&th=1&psc=1"><img src="https://m.media-amazon.com/images/I/41APO6LBeCL._SL500_.jpg" alt="Product Image"></a><p>Forvencer 8 Count Dividers with Two Pockets, 8 tabs Binder Dividers for 3 Ring Binder Organizer, Multicolor, 1 Set</p><p> -25% 0FF </p><p>$5.99</p><a href="https://www.amazon.com/dp/B0CZL39ZHS?tag=eloabder-20&linkCode=osi&th=1&psc=1">View Product</a></div><div class="product"><a href="https://www.amazon.com/dp/B01FKMCNL6?tag=eloabder-20&linkCode=osi&th=1&psc=1"><img src="https://m.media-amazon.com/images/I/510vgT9G85L._SL500_.jpg" alt="Product Image"></a><p>Avery Binder Dividers - 5-Tab Insertable Multicolor Big Tabs for Binders, 6 Sets of Dividers (11109)</p><p> -11% 0FF </p><p>$5.78</p><a href="https://www.amazon.com/dp/B01FKMCNL6?tag=eloabder-20&linkCode=osi&th=1&psc=1">View Product</a></div><div class="product"><a href="https://www.amazon.com/dp/B0CQ4YNHX8?tag=eloabder-20&linkCode=osi&th=1&psc=1"><img src="https://m.media-amazon.com/images/I/315hb+NtGGL._SL500_.jpg" alt="Product Image"></a><p>Binder Dividers for 3 Ring Binder, 1/5 Cut Tabs, Letter Size, Blank Write On Page Dividers with 5 Big Tabs for School Office Home, 4 Sets, 20 Dividers, White</p><p> -14% 0FF </p><p>$5.98</p><a href="https://www.amazon.com/dp/B0CQ4YNHX8?tag=eloabder-20&linkCode=osi&th=1&psc=1">View Product</a></div><div class="product"><a href="https://www.amazon.com/dp/B01HC4KIVW?tag=eloabder-20&linkCode=osi&th=1&psc=1"><img src="https://m.media-amazon.com/images/I/412g1OcKv-L._SL500_.jpg" alt="Product Image"></a><p>Avery Big Tab Write & Erase Durable Plastic Dividers for 3 Ring Binders, 8-Tab Set, Bright Multicolor, 1 Set (16130)</p><p> -23% 0FF </p><p>$4.33</p><a href="https://www.amazon.com/dp/B01HC4KIVW?tag=eloabder-20&linkCode=osi&th=1&psc=1">View Product</a></div><div class="product"><a href="https://www.amazon.com/dp/B0000AQOB0?tag=eloabder-20&linkCode=osi&th=1&psc=1"><img src="https://m.media-amazon.com/images/I/51ek4ZNke4L._SL500_.jpg" alt="Product Image"></a><p>Avery 12 Tab Dividers for 3 Ring Binders, Customizable Table of Contents, Multicolor Tabs, 6 Sets (11196)</p><p> -36% 0FF </p><p>$17.99</p><a href="https://www.amazon.com/dp/B0000AQOB0?tag=eloabder-20&linkCode=osi&th=1&psc=1">View Product</a></div>
<div class="product"><a href="https://www.amazon.com/dp/B07R795LTM?tag=eloabder-20&linkCode=osi&th=1&psc=1"><img src="https://m.media-amazon.com/images/I/31OAmU6E5kL._SL500_.jpg" alt="Product Image"></a><p>Amazon Basics Polypropylene (PP) Sheet Protector, Non-Glare, 200 Pack, Clear</p><p> -13% 0FF </p><p>$10.40</p><a href="https://www.amazon.com/dp/B07R795LTM?tag=eloabder-20&linkCode=osi&th=1&psc=1">View Product</a></div><div class="product"><a href="https://www.amazon.com/dp/B0D62ZBV24?tag=eloabder-20&linkCode=osi&th=1&psc=1"><img src="https://m.media-amazon.com/images/I/41n9XbYoyhL._SL500_.jpg" alt="Product Image"></a><p>Aegero 65 Pack Clear Sheet Protectors, 8.5 x 11 inch Page Protectors for 3 Ring Binder,Top Loading Paper Protector for Documents and Photos,Letter Size</p><p> -20% 0FF </p><p>$3.99</p><a href="https://www.amazon.com/dp/B0D62ZBV24?tag=eloabder-20&linkCode=osi&th=1&psc=1">View Product</a></div><div class="product"><a href="https://www.amazon.com/dp/B08CMG5MCB?tag=eloabder-20&linkCode=osi&th=1&psc=1"><img src="https://m.media-amazon.com/images/I/410BZVBSLLL._SL500_.jpg" alt="Product Image"></a><p>Sheet Protectors, PANDRI 500 Pack Clear Heavy Duty Plastic Page Protectors Sheet Reinforced 11-Hole Fit for 3 Ring Binder Fits Standard 8.5 x 11 Paper, 9.25 x 11.25 Top Loaded, Excluding Acid</p><p> -15% 0FF </p><p>$22.94</p><a href="https://www.amazon.com/dp/B08CMG5MCB?tag=eloabder-20&linkCode=osi&th=1&psc=1">View Product</a></div><div class="product"><a href="https://www.amazon.com/dp/B0DZ6J73VW?tag=eloabder-20&linkCode=osi&th=1&psc=1"><img src="https://m.media-amazon.com/images/I/41NNzcs8bsL._SL500_.jpg" alt="Product Image"></a><p>TUOKCALB 50 Pack Clear Sheet Protectors for 3 Ring Binder, Polypropylene Acid-Free Material, 8.5 x 11 Inch Letter Size, Protector of Your Documents</p><p> -18% 0FF </p><p>$3.29</p><a href="https://www.amazon.com/dp/B0DZ6J73VW?tag=eloabder-20&linkCode=osi&th=1&psc=1">View Product</a></div><div class="product"><a href="https://www.amazon.com/dp/B0D294F9GZ?tag=eloabder-20&linkCode=osi&th=1&psc=1"><img src="https://m.media-amazon.com/images/I/41szN7I4ozL._SL500_.jpg" alt="Product Image"></a><p>Sheet Protectors 8.5 x11 Inch, 100 Pack Page Protectors for 3 Ring Binder, Top Loading Plastic Sleeves with Reinforced 3-Hole Punch for Binders, Letter Size, for Documents and Photos, Office Supplies.</p><p> -23% 0FF </p><p>$9.99</p><a href="https://www.amazon.com/dp/B0D294F9GZ?tag=eloabder-20&linkCode=osi&th=1&psc=1">View Product</a></div><div class="product"><a href="https://www.amazon.com/dp/B0D59XF4D3?tag=eloabder-20&linkCode=osi&th=1&psc=1"><img src="https://m.media-amazon.com/images/I/41EpBhN87iL._SL500_.jpg" alt="Product Image"></a><p>DOSEWART 70Pack Sheet Protectors, Clear Heavy Duty Plastic Page Protectors for 3 Ring Binder, Top Loading Sheet Protectors 8.5 x 11” for Photo, Paper, Document Protector</p><p> -43% 0FF </p><p>$3.99</p><a href="https://www.amazon.com/dp/B0D59XF4D3?tag=eloabder-20&linkCode=osi&th=1&psc=1">View Product</a></div>
<div class="product"><a href="https://www.amazon.com/dp/B000T9MP5U?tag=eloabder-20&linkCode=osi&th=1&psc=1"><img src="https://m.media-amazon.com/images/I/41zOycTbMML._SL500_.jpg" alt="Product Image"></a><p>Mead #10 Security Business Envelopes Letter Size 4-1/8" x 9-1/2" – Peel and Seal, Privacy Lined, No-Window, Press-It Seal-It Self-Adhesive for Home & Office Mailing, 45 Count (75026)</p><p> -13% 0FF </p><p>$3.57</p><a href="https://www.amazon.com/dp/B000T9MP5U?tag=eloabder-20&linkCode=osi&th=1&psc=1">View Product</a></div><div class="product"><a href="https://www.amazon.com/dp/B06VVLD2GL?tag=eloabder-20&linkCode=osi&th=1&psc=1"><img src="https://m.media-amazon.com/images/I/11zBoWnx9uL._SL500_.jpg" alt="Product Image"></a><p>Amazon Basics 10 Security-Tinted Self-Seal Business Letter Envelopes, Peel & Seal Adhesive Closure, White, 500-Pack</p><p> -5% 0FF </p><p>$18.04</p><a href="https://www.amazon.com/dp/B06VVLD2GL?tag=eloabder-20&linkCode=osi&th=1&psc=1">View Product</a></div><div class="product"><a href="https://www.amazon.com/dp/B07FMDV5LR?tag=eloabder-20&linkCode=osi&th=1&psc=1"><img src="https://m.media-amazon.com/images/I/41jTu3FDgaL._SL500_.jpg" alt="Product Image"></a><p>Quality Park #6 3/4 Self-Seal Security Envelopes, Security Tint and Pattern, Redi-Strip Closure, 24-lb White Wove, 3-5/8 x 6-1/2, 100/Box (QUA10417)</p><p> -23% 0FF </p><p>$4.99</p><a href="https://www.amazon.com/dp/B07FMDV5LR?tag=eloabder-20&linkCode=osi&th=1&psc=1">View Product</a></div>
<div class="product"><a href="https://www.amazon.com/dp/B00004Z5SM?tag=eloabder-20&linkCode=osi&th=1&psc=1"><img src="https://m.media-amazon.com/images/I/41LHX+FB2PL._SL500_.jpg" alt="Product Image"></a><p>Avery Easy Peel Printable Address Labels with Sure Feed, 1" x 2-5/8" Customizable Stickers, White, 750 Blank Mailing Labels, Great for Mailing, Shipping, and More (8160)</p><p> -48% 0FF </p><p>$8.99</p><a href="https://www.amazon.com/dp/B00004Z5SM?tag=eloabder-20&linkCode=osi&th=1&psc=1">View Product</a></div><div class="product"><a href="https://www.amazon.com/dp/B089LHX8Q6?tag=eloabder-20&linkCode=osi&th=1&psc=1"><img src="https://m.media-amazon.com/images/I/41+HcHENwbL._SL500_.jpg" alt="Product Image"></a><p>KKBESTPACK Half Sheet Shipping Labels for Laser and Inkjet Printers – 2 Per Page Self Adhesive Mailing Labels – White 8.5 x 5.5 (200 Labels) (2LP)</p><p> -10% 0FF </p><p>$9.86</p><a href="https://www.amazon.com/dp/B089LHX8Q6?tag=eloabder-20&linkCode=osi&th=1&psc=1">View Product</a></div><div class="product"><a href="https://www.amazon.com/dp/B001SN8ITI?tag=eloabder-20&linkCode=osi&th=1&psc=1"><img src="https://m.media-amazon.com/images/I/51vJip236KL._SL500_.jpg" alt="Product Image"></a><p>Avery Easy Peel Printable Address Labels with Sure Feed, 1" x 2-5/8" Customizable Stickers, White, 300 Blank Mailing Labels, Great for Mailing, Shipping, and More (18160)</p><p> -38% 0FF </p><p>$5.54</p><a href="https://www.amazon.com/dp/B001SN8ITI?tag=eloabder-20&linkCode=osi&th=1&psc=1">View Product</a></div><div class="product"><a href="https://www.amazon.com/dp/B0C2P8YTW2?tag=eloabder-20&linkCode=osi&th=1&psc=1"><img src="https://m.media-amazon.com/images/I/51EeHFqmTKL._SL500_.jpg" alt="Product Image"></a><p>FungLam 1" x 2-5/8" Shipping Address Labels 900 Label Stickers Paper for Laser/Inkjet Printer 30 per Page Printable Mailing Labels (30 Sheets, 900 Labels)</p><p> -25% 0FF </p><p>$5.99</p><a href="https://www.amazon.com/dp/B0C2P8YTW2?tag=eloabder-20&linkCode=osi&th=1&psc=1">View Product</a></div>
<div class="product"><a href="https://www.amazon.com/dp/B07X41JJXB?tag=eloabder-20&linkCode=osi&th=1&psc=1"><img src="https://m.media-amazon.com/images/I/31V4rpfdGtL._SL500_.jpg" alt="Product Image"></a><p>KKBESTPACK 100 Large Poly Mailers 10x13 Shipping Bags for Small Business – Self Sealing Package Envelopes (10 x 13 Pack of 100, Black)</p><p> -10% 0FF </p><p>$8.94 ($0.09 / Count)</p><a href="https://www.amazon.com/dp/B07X41JJXB?tag=eloabder-20&linkCode=osi&th=1&psc=1">View Product</a></div><div class="product"><a href="https://www.amazon.com/dp/B08C9T3997?tag=eloabder-20&linkCode=osi&th=1&psc=1"><img src="https://m.media-amazon.com/images/I/41CMEDIsQEL._SL500_.jpg" alt="Product Image"></a><p>Anylabel 2" x 3" Fragile Stickers for Shipping and Moving Please Handle with Care Fragile Thank You Do Not Drop, Warning Stickers Fragile Labels, Permanent Adhesive(500 Labels, 1 Roll)</p><p> -33% 0FF </p><p>$5.99</p><a href="https://www.amazon.com/dp/B08C9T3997?tag=eloabder-20&linkCode=osi&th=1&psc=1">View Product</a></div>

<div class="product"><a href="https://www.amazon.com/dp/B07S1JPBL3?tag=eloabder-20&linkCode=osi&th=1&psc=1"><img src="https://m.media-amazon.com/images/I/31f-QQIYroL._SL500_.jpg" alt="Product Image"></a><p>Amazon Basics Bubble Cushioning Wrap Packing Material for Fragile Items, Perforated, 12 inch x 175 ft Long Roll, Small 3/16", Clear</p><p> -6% 0FF </p><p>$21.99</p><a href="https://www.amazon.com/dp/B07S1JPBL3?tag=eloabder-20&linkCode=osi&th=1&psc=1">View Product</a></div><div class="product"><a href="https://www.amazon.com/dp/B0829D1D7V?tag=eloabder-20&linkCode=osi&th=1&psc=1"><img src="https://m.media-amazon.com/images/I/41azI2zaEYL._SL500_.jpg" alt="Product Image"></a><p>Bubble Cushioning Wrap Rolls, 3/16" x 12" x 72' ft Total [2 Rolls of 36 Feet] Perforated Every 12", 20 Fragile Stickers for Packaging, Shipping, Mailing</p><p> -14% 0FF </p><p>$18.99 ($9.50 / Count)</p><a href="https://www.amazon.com/dp/B0829D1D7V?tag=eloabder-20&linkCode=osi&th=1&psc=1">View Product</a></div><div class="product"><a href="https://www.amazon.com/dp/B011TB3UF0?tag=eloabder-20&linkCode=osi&th=1&psc=1"><img src="https://m.media-amazon.com/images/I/413RZYGr8kL._SL500_.jpg" alt="Product Image"></a><p>Duck Brand Bubble Wrap Original Protective Packaging, 12 Inches Wide x 30-Feet Long, Single Roll (393251), Clear</p><p> -26% 0FF </p><p>$8.85 ($0.30 / Sq Ft)</p><a href="https://www.amazon.com/dp/B011TB3UF0?tag=eloabder-20&linkCode=osi&th=1&psc=1">View Product</a></div>
<div class="product"><a href="https://www.amazon.com/dp/B016CV811U?tag=eloabder-20&linkCode=osi&th=1&psc=1"><img src="https://m.media-amazon.com/images/I/21hieSulLcL._SL500_.jpg" alt="Product Image"></a><p>MFLABEL Half Sheet Shipping Labels - 200 Self Adhesive Sticker Sheets for Laser & Inkjet Printers, Waterproof & Smudge-Free, with 12 Free Fragile Labels for Packaging, Shipping and Crafting</p><p> -5% 0FF </p><p>$9.49</p><a href="https://www.amazon.com/dp/B016CV811U?tag=eloabder-20&linkCode=osi&th=1&psc=1">View Product</a></div><div class="product"><a href="https://www.amazon.com/dp/B000093IJY?tag=eloabder-20&linkCode=osi&th=1&psc=1"><img src="https://m.media-amazon.com/images/I/51QdWTqr3AL._SL500_.jpg" alt="Product Image"></a><p>Avery Printable Shipping Labels with Sure Feed, 3-1/3" x 4", White, 150 Blank Mailing Labels (5264)</p><p> -20% 0FF </p><p>$13.62</p><a href="https://www.amazon.com/dp/B000093IJY?tag=eloabder-20&linkCode=osi&th=1&psc=1">View Product</a></div>
<div class="product"><a href="https://www.amazon.com/dp/B0B41X9SMT?tag=eloabder-20&linkCode=osi&th=1&psc=1"><img src="https://m.media-amazon.com/images/I/41CPFzKfW6L._SL500_.jpg" alt="Product Image"></a><p>Primy Drafting Chair Tall Office Chair with Flip-up Armrests Executive Ergonomic Computer Standing Desk Chair with Lumbar Support and Adjustable Footrest Ring (Black)</p><p> -16% 0FF </p><p>$108.96</p><a href="https://www.amazon.com/dp/B0B41X9SMT?tag=eloabder-20&linkCode=osi&th=1&psc=1">View Product</a></div><div class="product"><a href="https://www.amazon.com/dp/B0BFQX3YFY?tag=eloabder-20&linkCode=osi&th=1&psc=1"><img src="https://m.media-amazon.com/images/I/51+-fixEMUL._SL500_.jpg" alt="Product Image"></a><p>BlissTrends Foot Rest for Under Desk at Work-Versatile Foot Stool with Washable Cover-Comfortable Footrest with 2 Adjustable Heights for Car,Home and Office to Relieve Back,Lumbar,Knee Pain-Black</p><p> -39% 0FF </p><p>$18.99</p><a href="https://www.amazon.com/dp/B0BFQX3YFY?tag=eloabder-20&linkCode=osi&th=1&psc=1">View Product</a></div>
<div class="product"><a href="https://www.amazon.com/dp/B0CT8ZJ7ZC?tag=eloabder-20&linkCode=osi&th=1&psc=1"><img src="https://m.media-amazon.com/images/I/311UeVa48fL._SL500_.jpg" alt="Product Image"></a><p>HP OfficeJet Pro 8125e Wireless All-in-One Color Inkjet Printer, Print, scan, Copy, ADF, Duplex Printing Best-for-Home Office, 3 Month Instant Ink Trial Included, AI-Enabled (405T6A)</p><p> -21% 0FF </p><p>$109.99</p><a href="https://www.amazon.com/dp/B0CT8ZJ7ZC?tag=eloabder-20&linkCode=osi&th=1&psc=1">View Product</a></div><div class="product"><a href="https://www.amazon.com/dp/B0F1NJ75D5?tag=eloabder-20&linkCode=osi&th=1&psc=1"><img src="https://m.media-amazon.com/images/I/31pX+mOBu5L._SL500_.jpg" alt="Product Image"></a><p>HP DeskJet 2827e Wireless All-in-One Color Inkjet Printer, Scanner, Copier, Best-for-Home, 3 Month Instant Ink Trial Included, AI-Enabled (6W7F5A)</p><p> -41% 0FF </p><p>$49.99</p><a href="https://www.amazon.com/dp/B0F1NJ75D5?tag=eloabder-20&linkCode=osi&th=1&psc=1">View Product</a></div><div class="product"><a href="https://www.amazon.com/dp/B096N8DN2H?tag=eloabder-20&linkCode=osi&th=1&psc=1"><img src="https://m.media-amazon.com/images/I/316Ru3Zv4bL._SL500_.jpg" alt="Product Image"></a><p>Epson EcoTank ET-2800 Wireless Color All-in-One Cartridge-Free Supertank Printer with Scan and Copy â€“ The Ideal Basic Home Printer - Black, Medium</p><p> -25% 0FF </p><p>$179.99</p><a href="https://www.amazon.com/dp/B096N8DN2H?tag=eloabder-20&linkCode=osi&th=1&psc=1">View Product</a></div><div class="product"><a href="https://www.amazon.com/dp/B0FGC43YCL?tag=eloabder-20&linkCode=osi&th=1&psc=1"><img src="https://m.media-amazon.com/images/I/41LqmhjzXHL._SL500_.jpg" alt="Product Image"></a><p>Brother Work Smart 1360 Wireless Color Inkjet All-in-One Printer with Automatic Duplex Printing and 1.8” Color Display | Includes Refresh Subscription Trial(1) (MFC-J1360DW) (Uses LC501 Series Inks)</p><p> -18% 0FF </p><p>$89.99</p><a href="https://www.amazon.com/dp/B0FGC43YCL?tag=eloabder-20&linkCode=osi&th=1&psc=1">View Product</a></div><div class="product"><a href="https://www.amazon.com/dp/B0D1DV6FV5?tag=eloabder-20&linkCode=osi&th=1&psc=1"><img src="https://m.media-amazon.com/images/I/31-ZgpCGxiL._SL500_.jpg" alt="Product Image"></a><p>Canon PIXMA TS3720 Wireless All-in-One Printer (6671C022)</p><p> -38% 0FF </p><p>$54.00</p><a href="https://www.amazon.com/dp/B0D1DV6FV5?tag=eloabder-20&linkCode=osi&th=1&psc=1">View Product</a></div><div class="product"><a href="https://www.amazon.com/dp/B0BSMSYM9N?tag=eloabder-20&linkCode=osi&th=1&psc=1"><img src="https://m.media-amazon.com/images/I/31jPKfRqWSL._SL500_.jpg" alt="Product Image"></a><p>Canon MegaTank G3270 All-in-One Wireless Inkjet Printer. for Home Use, Print, Scan and Copy</p><p> -36% 0FF </p><p>$159.99</p><a href="https://www.amazon.com/dp/B0BSMSYM9N?tag=eloabder-20&linkCode=osi&th=1&psc=1">View Product</a></div>

<div class="product"><a href="https://www.amazon.com/dp/B0033J6V3A?tag=eloabder-20&linkCode=osi&th=1&psc=1"><img src="https://m.media-amazon.com/images/I/21o5ASbichL._SL500_.jpg" alt="Product Image"></a><p>NuSparc 2 Drawer Locking Filing Cabinet | Pre-Assembled Steel Construction | Space-Saving Design is Perfect for Home and Small Office | Letter-Size | Assembled in North America</p><p> -14% 0FF </p><p>$76.99</p><a href="https://www.amazon.com/dp/B0033J6V3A?tag=eloabder-20&linkCode=osi&th=1&psc=1">View Product</a></div><div class="product"><a href="https://www.amazon.com/dp/B0D9XYD75W?tag=eloabder-20&linkCode=osi&th=1&psc=1"><img src="https://m.media-amazon.com/images/I/31VM3xK++PL._SL500_.jpg" alt="Product Image"></a><p>BYNSOE 2 Drawer File Cabinet with Lock Vertical Filing Storage Cabinet Office Home Steel Vertical File Cabinets for Letter Size File Cabinet Locked,Assembly Required</p><p> -8% 0FF </p><p>$54.99</p><a href="https://www.amazon.com/dp/B0D9XYD75W?tag=eloabder-20&linkCode=osi&th=1&psc=1">View Product</a></div><div class="product"><a href="https://www.amazon.com/dp/B0989HLF81?tag=eloabder-20&linkCode=osi&th=1&psc=1"><img src="https://m.media-amazon.com/images/I/51vzgnkbcjL._SL500_.jpg" alt="Product Image"></a><p>DEVAISE 3 Drawer Mobile File Cabinet, Wood Lateral Filing Cabinet, Printer Stand with Open Shelves for Home Office, Rustic Brown</p><p> -21% 0FF </p><p>$74.99</p><a href="https://www.amazon.com/dp/B0989HLF81?tag=eloabder-20&linkCode=osi&th=1&psc=1">View Product</a></div>
<div class="product"><a href="https://www.amazon.com/dp/B00006RSQD?tag=eloabder-20&linkCode=osi&th=1&psc=1"><img src="https://m.media-amazon.com/images/I/315rez3KpeL._SL500_.jpg" alt="Product Image"></a><p>Bush Business Furniture Series C 36W Tall 5 Shelf Bookcase in Hansen Cherry, Large Storage and Display Bookshelf for Home or Professional Office</p><p> -8% 0FF </p><p>$239.49</p><a href="https://www.amazon.com/dp/B00006RSQD?tag=eloabder-20&linkCode=osi&th=1&psc=1">View Product</a></div>
<div class="product"><a href="https://www.amazon.com/dp/B09F6JPYSY?tag=eloabder-20&linkCode=osi&th=1&psc=1"><img src="https://m.media-amazon.com/images/I/51fGLH7lhHL._SL500_.jpg" alt="Product Image"></a><p>SPACELEAD Slim Storage Cart 3 Tier,Bathroom Organizer Rolling Utility,Mobile Shelving Unit Slide Out for Office, Kitchen, Laundry Room & Narrow Places,Black</p><p> -30% 0FF </p><p>$20.99</p><a href="https://www.amazon.com/dp/B09F6JPYSY?tag=eloabder-20&linkCode=osi&th=1&psc=1">View Product</a></div><div class="product"><a href="https://www.amazon.com/dp/B08KFTVGQY?tag=eloabder-20&linkCode=osi&th=1&psc=1"><img src="https://m.media-amazon.com/images/I/51BjUEmGaiL._SL500_.jpg" alt="Product Image"></a><p>SONGMICS Cube Storage Organizer, Set of 16 Plastic Cubes, Closet Organizers and Storage, Room Organization, Bedroom Living Room, 12.2 x 48.4 x 48.4 Inches, Rustic Brown ULPC442A01</p><p> -15% 0FF </p><p>$46.99</p><a href="https://www.amazon.com/dp/B08KFTVGQY?tag=eloabder-20&linkCode=osi&th=1&psc=1">View Product</a></div><div class="product"><a href="https://www.amazon.com/dp/B0DG359YX5?tag=eloabder-20&linkCode=osi&th=1&psc=1"><img src="https://m.media-amazon.com/images/I/41OBXL4HJdL._SL500_.jpg" alt="Product Image"></a><p>VIVO Clamp-on 13 inch Above or Below Desk 2-Tier Shelving Unit for Table Accessories, Gaming Devices, and More, Storage Tray, Desktop Organizer, Rustic Vintage Brown, STAND-SHELF2C-N</p><p> -20% 0FF </p><p>$39.99</p><a href="https://www.amazon.com/dp/B0DG359YX5?tag=eloabder-20&linkCode=osi&th=1&psc=1">View Product</a></div><div class="product"><a href="https://www.amazon.com/dp/B0D7S5GGP6?tag=eloabder-20&linkCode=osi&th=1&psc=1"><img src="https://m.media-amazon.com/images/I/51EriWG2BLL._SL500_.jpg" alt="Product Image"></a><p>C&AHOME Wire Cube Storage, 9 - Cube Organizer Metal C Grids, Modular Shelves Units, Closet Organizer, Ideal for Home, Office, Living Room, 36.6”L x 12.4”W x 48.4”H, Silver Gray UWCS3009G</p><p> -33% 0FF </p><p>$28.87</p><a href="https://www.amazon.com/dp/B0D7S5GGP6?tag=eloabder-20&linkCode=osi&th=1&psc=1">View Product</a></div>
<div class="product"><a href="https://www.amazon.com/dp/B0B1M6ML2J?tag=eloabder-20&linkCode=osi&th=1&psc=1"><img src="https://m.media-amazon.com/images/I/51pX2Qo38JL._SL500_.jpg" alt="Product Image"></a><p>WOWBOX 25 PCS Clear Plastic Drawer Organizer Set, 4 Sizes Desk Drawer Divider Organizers and Storage Bins for Makeup, Jewelry, Gadgets for Kitchen, Bedroom, Bathroom, Office</p><p> -35% 0FF </p><p>$16.13 ($0.65 / Count)</p><a href="https://www.amazon.com/dp/B0B1M6ML2J?tag=eloabder-20&linkCode=osi&th=1&psc=1">View Product</a></div><div class="product"><a href="https://www.amazon.com/dp/B0DB8F7GDN?tag=eloabder-20&linkCode=osi&th=1&psc=1"><img src="https://m.media-amazon.com/images/I/51iOtKHzvCL._SL500_.jpg" alt="Product Image"></a><p>OPNICE Desk Organizer and Accessories, 2-Tier Computer Monitor Stand Riser with Drawer and 2 Pen Holders, Laptop Stand, Office Desk Accessories for Office Supplies, Black</p><p> -27% 0FF </p><p>$21.99</p><a href="https://www.amazon.com/dp/B0DB8F7GDN?tag=eloabder-20&linkCode=osi&th=1&psc=1">View Product</a></div><div class="product"><a href="https://www.amazon.com/dp/B0FQ86P4M3?tag=eloabder-20&linkCode=osi&th=1&psc=1"><img src="https://m.media-amazon.com/images/I/41ZDdyGnPxL._SL500_.jpg" alt="Product Image"></a><p>Mind Reader 2-Tier Desk Organizer with Clamp, Accessory Shelf for Office or Gaming, Office, Metal, White</p><p> -5% 0FF </p><p>$37.99</p><a href="https://www.amazon.com/dp/B0FQ86P4M3?tag=eloabder-20&linkCode=osi&th=1&psc=1">View Product</a></div><div class="product"><a href="https://www.amazon.com/dp/B0BYDGF8DT?tag=eloabder-20&linkCode=osi&th=1&psc=1"><img src="https://m.media-amazon.com/images/I/51sE2GzgVNL._SL500_.jpg" alt="Product Image"></a><p>OPNICE Desk Organizer and Accessories, 4-Tier Desktop File Organizer with Drawer and 2 Pen Holders, Office Desk Accessories, Workspace Organizers for Office Supplies(Black)</p><p> -33% 0FF </p><p>$19.99</p><a href="https://www.amazon.com/dp/B0BYDGF8DT?tag=eloabder-20&linkCode=osi&th=1&psc=1">View Product</a></div><div class="product"><a href="https://www.amazon.com/dp/B0DJKSMV2T?tag=eloabder-20&linkCode=osi&th=1&psc=1"><img src="https://m.media-amazon.com/images/I/41gO3CCIg1L._SL500_.jpg" alt="Product Image"></a><p>gianotter Dual Monitor Stand Riser, Desk Organizer With Drawer and 2 Pen Holders, Computer Monitor Stand, Shelf for Top of Desk, Black</p><p> -28% 0FF </p><p>$25.99</p><a href="https://www.amazon.com/dp/B0DJKSMV2T?tag=eloabder-20&linkCode=osi&th=1&psc=1">View Product</a></div><div class="product"><a href="https://www.amazon.com/dp/B0BWTT3WK1?tag=eloabder-20&linkCode=osi&th=1&psc=1"><img src="https://m.media-amazon.com/images/I/51JTe2SjicL._SL500_.jpg" alt="Product Image"></a><p>gianotter Desk Organizers and Accessories with File Holder, 4-Tier Desk Accessories & Workspace Organizers with Drawer and 2 Pen Holder, Paper Organizer for Office Supplies (Rose Gold)</p><p> -27% 0FF </p><p>$23.99</p><a href="https://www.amazon.com/dp/B0BWTT3WK1?tag=eloabder-20&linkCode=osi&th=1&psc=1">View Product</a></div><div class="product"><a href="https://www.amazon.com/dp/B09QKDY1YY?tag=eloabder-20&linkCode=osi&th=1&psc=1"><img src="https://m.media-amazon.com/images/I/519UVM73B6L._SL500_.jpg" alt="Product Image"></a><p>Supeasy 5 Trays Paper Organizer Letter Tray with Handle-Mesh Desk File Organizer, Paper Sorter Desk Organizer for Office, Home or School</p><p> -17% 0FF </p><p>$19.99</p><a href="https://www.amazon.com/dp/B09QKDY1YY?tag=eloabder-20&linkCode=osi&th=1&psc=1">View Product</a></div><div class="product"><a href="https://www.amazon.com/dp/B08PBFKGJG?tag=eloabder-20&linkCode=osi&th=1&psc=1"><img src="https://m.media-amazon.com/images/I/61WfW0WLsqL._SL500_.jpg" alt="Product Image"></a><p>Marbrasse 6 Tier Paper Organizer Letter Tray - Mesh Desk File Organizer with Handle, Paper Sorter Organizer for Letter/A4 Office File Folder Holder - Black</p><p> -23% 0FF </p><p>$19.98</p><a href="https://www.amazon.com/dp/B08PBFKGJG?tag=eloabder-20&linkCode=osi&th=1&psc=1">View Product</a></div><div class="product"><a href="https://www.amazon.com/dp/B09K5927B5?tag=eloabder-20&linkCode=osi&th=1&psc=1"><img src="https://m.media-amazon.com/images/I/51u5tZ4jR6L._SL500_.jpg" alt="Product Image"></a><p>Marbrasse Desk Organizer with File Holder, 5-Tier Paper Letter Tray Organizer with Drawer and 2 Pen Holder, Mesh Desktop Organizer and Storage with Magazine Holder for Office Supplies(Black)</p><p> -24% 0FF </p><p>$33.99</p><a href="https://www.amazon.com/dp/B09K5927B5?tag=eloabder-20&linkCode=osi&th=1&psc=1">View Product</a></div>
<div class="product"><a href="https://www.amazon.com/dp/B0CNXF7SVS?tag=eloabder-20&linkCode=osi&th=1&psc=1"><img src="https://m.media-amazon.com/images/I/51a6EswyTZL._SL500_.jpg" alt="Product Image"></a><p>Manalete Drawer Organizers Set of 15, 4 Sizes Clear Plastic Drawer Organizers and Storage Bins for Kitchen, Bathroom, Office, Dresser Desk Drawer Organizer Tray for Jewelry, Makeup, Junk, Gadgets</p><p> -29% 0FF </p><p>$9.99</p><a href="https://www.amazon.com/dp/B0CNXF7SVS?tag=eloabder-20&linkCode=osi&th=1&psc=1">View Product</a></div><div class="product"><a href="https://www.amazon.com/dp/B0CCY5X6SS?tag=eloabder-20&linkCode=osi&th=1&psc=1"><img src="https://m.media-amazon.com/images/I/41Iye-vPXJL._SL500_.jpg" alt="Product Image"></a><p>Bamboo Drawer Organizer Set, 5 PCS Multi-Use Individual Wood Storage Organizers, Junk Drawer Divider and Storage Trays Containers for Kitchen, Bathroom, Office Desk, Makeup, Jewelry, Utensils</p><p> -20% 0FF </p><p>$19.99 ($4.00 / Count)</p><a href="https://www.amazon.com/dp/B0CCY5X6SS?tag=eloabder-20&linkCode=osi&th=1&psc=1">View Product</a></div><div class="product"><a href="https://www.amazon.com/dp/B0CCDJQ7MM?tag=eloabder-20&linkCode=osi&th=1&psc=1"><img src="https://m.media-amazon.com/images/I/51kU0WJxdsL._SL500_.jpg" alt="Product Image"></a><p>Marbrasse Expandable Desk Drawer Organizer, Mesh Drawer Organizer Tray with 10 Adjustable Compartments, Desk Organizers and Accessories, 5 Dividers Drawer for Office Supplies, Makeup & Vanity (Black)</p><p> -15% 0FF </p><p>$17.84</p><a href="https://www.amazon.com/dp/B0CCDJQ7MM?tag=eloabder-20&linkCode=osi&th=1&psc=1">View Product</a></div><div class="product"><a href="https://www.amazon.com/dp/B0DM27MBZN?tag=eloabder-20&linkCode=osi&th=1&psc=1"><img src="https://m.media-amazon.com/images/I/41hAfSMnrZL._SL500_.jpg" alt="Product Image"></a><p>ElegantArray 12 PCS Drawer Organizer Set, 4 Sizes Storage Drawer Units, Clear Plastic Makeup Vanity Organizer and Storage Bins for Makeup, Stationeries, Multiple Gadgets for Bathroom, Office, Bedroom</p><p> -31% 0FF </p><p>$8.99</p><a href="https://www.amazon.com/dp/B0DM27MBZN?tag=eloabder-20&linkCode=osi&th=1&psc=1">View Product</a></div>
<div class="product"><a href="https://www.amazon.com/dp/B0C4T42TPC?tag=eloabder-20&linkCode=osi&th=1&psc=1"><img src="https://m.media-amazon.com/images/I/318IsyAsPXL._SL500_.jpg" alt="Product Image"></a><p>Adjustable Mobile CPU Stand, Ventilated Computer Tower Stand with 4 Caster Wheels Fits Most PC Tower, Under Desk CPU Holder PC Floor Cart Computer Riser for Gamers and Students (Black)</p><p> -21% 0FF </p><p>$14.21</p><a href="https://www.amazon.com/dp/B0C4T42TPC?tag=eloabder-20&linkCode=osi&th=1&psc=1">View Product</a></div><div class="product"><a href="https://www.amazon.com/dp/B094QTGHNZ?tag=eloabder-20&linkCode=osi&th=1&psc=1"><img src="https://m.media-amazon.com/images/I/31VzBQ+jwWL._SL500_.jpg" alt="Product Image"></a><p>WALI Computer Monitor Stand for Desk, Adjustable Laptop Riser, Desk Monitor Stand Underneath Storage for Office, Home, School Supplies (STT003), 1 Pack, Black</p><p> -32% 0FF </p><p>$16.99</p><a href="https://www.amazon.com/dp/B094QTGHNZ?tag=eloabder-20&linkCode=osi&th=1&psc=1">View Product</a></div><div class="product"><a href="https://www.amazon.com/dp/B07H4DMLVH?tag=eloabder-20&linkCode=osi&th=1&psc=1"><img src="https://m.media-amazon.com/images/I/31eTfKhpSWL._SL500_.jpg" alt="Product Image"></a><p>HUANUO Monitor Stand, Monitor Stand Riser 3 Height Adjustable, Monitor Riser with Airflow Vents, Laptop Stand for Desk, Laptop Riser, Desk Organizer for Monitor, 15.6" Laptop, PC, Printer</p><p> -11% 0FF </p><p>$15.19</p><a href="https://www.amazon.com/dp/B07H4DMLVH?tag=eloabder-20&linkCode=osi&th=1&psc=1">View Product</a></div><div class="product"><a href="https://www.amazon.com/dp/B0D69W6H91?tag=eloabder-20&linkCode=osi&th=1&psc=1"><img src="https://m.media-amazon.com/images/I/51rQI+gi3lL._SL500_.jpg" alt="Product Image"></a><p>JANE EYRE Computer Tower Stand - Adjustable PC Tower Stand CPU Holder Cart with Charging Station for Office Home Classroom,23.03"-28.3" H, black</p><p> -10% 0FF </p><p>$53.99</p><a href="https://www.amazon.com/dp/B0D69W6H91?tag=eloabder-20&linkCode=osi&th=1&psc=1">View Product</a></div><div class="product"><a href="https://www.amazon.com/dp/B0C4T34L9Y?tag=eloabder-20&linkCode=osi&th=1&psc=1"><img src="https://m.media-amazon.com/images/I/51BNMGXNOEL._SL500_.jpg" alt="Product Image"></a><p>BONTEC Wooden Monitor Stand Riser, 2-Tier Desk Shelf with Storage Organizer, Ergonomic Computer Stand with Cable Management, Cellphone Holder, White, 16.5 Inch</p><p> -33% 0FF </p><p>$18.04</p><a href="https://www.amazon.com/dp/B0C4T34L9Y?tag=eloabder-20&linkCode=osi&th=1&psc=1">View Product</a></div><div class="product"><a href="https://www.amazon.com/dp/B08BRCT4JH?tag=eloabder-20&linkCode=osi&th=1&psc=1"><img src="https://m.media-amazon.com/images/I/41Ga6A+cXbL._SL500_.jpg" alt="Product Image"></a><p>BESIGN LS03 Aluminum Laptop Stand, Ergonomic Detachable Computer Stand, Notebook Riser Compatible with Air, Pro, Dell, HP, Lenovo More 10-15.6" Laptops, Silver</p><p> -25% 0FF </p><p>$14.98</p><a href="https://www.amazon.com/dp/B08BRCT4JH?tag=eloabder-20&linkCode=osi&th=1&psc=1">View Product</a></div>
<div class="product"><a href="https://www.amazon.com/dp/B07Q79ZZJ6?tag=eloabder-20&linkCode=osi&th=1&psc=1"><img src="https://m.media-amazon.com/images/I/31-LBzENQIL._SL500_.jpg" alt="Product Image"></a><p>Single LCD Computer Monitor Free-Standing Desk Stand Mount Riser for 13 inch to 32 inch screen with Swivel, Height Adjustable, Rotation, Vesa Base Stand Holds One (1) Screen up to 77Lbs(HT05B-001))</p><p> -34% 0FF </p><p>$21.99</p><a href="https://www.amazon.com/dp/B07Q79ZZJ6?tag=eloabder-20&linkCode=osi&th=1&psc=1">View Product</a></div><div class="product"><a href="https://www.amazon.com/dp/B082845XM8?tag=eloabder-20&linkCode=osi&th=1&psc=1"><img src="https://m.media-amazon.com/images/I/41uRH1B7HgL._SL500_.jpg" alt="Product Image"></a><p>Dual Monitor Stand - Vertical Stack Screen Free-Standing Monitor Riser Fits Two 13 to 34 Inch Screen with Swivel, Tilt, Height Adjustable, Holds One (1) Screen Up to 44Lbs</p><p> -5% 0FF </p><p>$31.56</p><a href="https://www.amazon.com/dp/B082845XM8?tag=eloabder-20&linkCode=osi&th=1&psc=1">View Product</a></div><div class="product"><a href="https://www.amazon.com/dp/B00X4SCCFG?tag=eloabder-20&linkCode=osi&th=1&psc=1"><img src="https://m.media-amazon.com/images/I/21X2klzUZGL._SL500_.jpg" alt="Product Image"></a><p>Amazon Basics Height Adjustable Rectangular Computer Monitor Riser Desk Stand with Storage for Reduced Neck Strain - Fits Monitors, Laptops Up to 22lbs, Black</p><p> -35% 0FF </p><p>$14.06</p><a href="https://www.amazon.com/dp/B00X4SCCFG?tag=eloabder-20&linkCode=osi&th=1&psc=1">View Product</a></div>
<div class="product"><a href="https://www.amazon.com/dp/B07HFDJCSL?tag=eloabder-20&linkCode=osi&th=1&psc=1"><img src="https://m.media-amazon.com/images/I/41DR7qY1naL._SL500_.jpg" alt="Product Image"></a><p>VIVO Large Keyboard Tray Under Desk Pull Out with Extra Sturdy C Clamp Mount System, 27 (33 Including Clamps) x 11 Inch Slide-Out Platform Computer Drawer for Typing, Black, MOUNT-KB05E</p><p> -17% 0FF </p><p>$49.99</p><a href="https://www.amazon.com/dp/B07HFDJCSL?tag=eloabder-20&linkCode=osi&th=1&psc=1">View Product</a></div><div class="product"><a href="https://www.amazon.com/dp/B082NKBM62?tag=eloabder-20&linkCode=osi&th=1&psc=1"><img src="https://m.media-amazon.com/images/I/41qQ3p9-mrL._SL500_.jpg" alt="Product Image"></a><p>HUANUO Keyboard Tray Under Desk, 360 Adjustable Ergonomic Sliding Keyboard & Mouse Tray, Under Desk Keyboard Tray Slide Out, Keyboard Holder Under Desk for Typing in Home, Office Work, 25"W x 9.84"D</p><p> -33% 0FF </p><p>$59.98</p><a href="https://www.amazon.com/dp/B082NKBM62?tag=eloabder-20&linkCode=osi&th=1&psc=1">View Product</a></div><div class="product"><a href="https://www.amazon.com/dp/B0F23GTKHL?tag=eloabder-20&linkCode=osi&th=1&psc=1"><img src="https://m.media-amazon.com/images/I/41dmHoeznDL._SL500_.jpg" alt="Product Image"></a><p>Zontera Ergonomic Mouse & Keyboard Tray Under Desk, Pull Out with Adjustable C-clamp, 20 (25.9 Including Clamps) x 11.8 Inch Slide Out Computer Keyboard Drawer Mouse Tray for Typing, Black</p><p> -7% 0FF </p><p>$25.99</p><a href="https://www.amazon.com/dp/B0F23GTKHL?tag=eloabder-20&linkCode=osi&th=1&psc=1">View Product</a></div><div class="product"><a href="https://www.amazon.com/dp/B01IIGMBVI?tag=eloabder-20&linkCode=osi&th=1&psc=1"><img src="https://m.media-amazon.com/images/I/21Vw8003F0L._SL500_.jpg" alt="Product Image"></a><p>Alera ALE Valencia Series Underdesk Keyboard/Mouse Shelf, 28w x 12d, Black</p><p> -50% 0FF </p><p>$29.22</p><a href="https://www.amazon.com/dp/B01IIGMBVI?tag=eloabder-20&linkCode=osi&th=1&psc=1">View Product</a></div>
<div class="product"><a href="https://www.amazon.com/dp/B07C3XZMC6?tag=eloabder-20&linkCode=osi&th=1&psc=1"><img src="https://m.media-amazon.com/images/I/31Eojf7glwL._SL500_.jpg" alt="Product Image"></a><p>JIKIOU 3 Pack Mouse Pad with Stitched Edge, Comfortable Mouse Pads with Non-Slip Rubber Base, Washable Mousepads Bulk with Comfortable Cloth, Mouse Pads for Computers Laptop Mouse 10.2x8.3inch Black</p><p> -29% 0FF </p><p>$7.99</p><a href="https://www.amazon.com/dp/B07C3XZMC6?tag=eloabder-20&linkCode=osi&th=1&psc=1">View Product</a></div><div class="product"><a href="https://www.amazon.com/dp/B085XRMSTT?tag=eloabder-20&linkCode=osi&th=1&psc=1"><img src="https://m.media-amazon.com/images/I/31aDSI0sFoL._SL500_.jpg" alt="Product Image"></a><p>EooCoo Ergonomic Mouse Pad with Wrist Support, Mousepad with Memory Foam Wrist Rest and Non-Slip Base for Computer, Cafe, Home & Office, 9.64 x 8.26 in Office Desk Accessories</p><p> -36% 0FF </p><p>$6.99</p><a href="https://www.amazon.com/dp/B085XRMSTT?tag=eloabder-20&linkCode=osi&th=1&psc=1">View Product</a></div>
<div class="product"><a href="https://www.amazon.com/dp/B0BRCJL4MM?tag=eloabder-20&linkCode=osi&th=1&psc=1"><img src="https://m.media-amazon.com/images/I/41sggzaNbPL._SL500_.jpg" alt="Product Image"></a><p>Led Desk Lamp for Office Home - Eye Caring Architect lamp with Clamp,Dual Screen Computer Monitor Gooseneck Smart Light: 24W 5 Color Flexible Adjustable Lighting Table Lamp for Study Drafting</p><p> -13% 0FF </p><p>$69.99</p><a href="https://www.amazon.com/dp/B0BRCJL4MM?tag=eloabder-20&linkCode=osi&th=1&psc=1">View Product</a></div><div class="product"><a href="https://www.amazon.com/dp/B0BNHNG5CY?tag=eloabder-20&linkCode=osi&th=1&psc=1"><img src="https://m.media-amazon.com/images/I/51ccmdZe2YL._SL500_.jpg" alt="Product Image"></a><p>Micomlan Led Desk Lamp with Clamp, Architect Desk Lamp for Home Office with Atmosphere Lighting, 24W Ultra Bright Auto Dimming Computer Light Stepless Dimming and Tempering LED Table Light</p><p> -27% 0FF </p><p>$49.99</p><a href="https://www.amazon.com/dp/B0BNHNG5CY?tag=eloabder-20&linkCode=osi&th=1&psc=1">View Product</a></div><div class="product"><a href="https://www.amazon.com/dp/B078W61H9P?tag=eloabder-20&linkCode=osi&th=1&psc=1"><img src="https://m.media-amazon.com/images/I/31aebwb3nqL._SL500_.jpg" alt="Product Image"></a><p>LEPOWER Metal Desk Lamp, Eye-Caring Table Lamp, Study Lamps with Flexible Goose Neck for Bedroom, Home Office (Matte Black)</p><p> -24% 0FF </p><p>$24.99</p><a href="https://www.amazon.com/dp/B078W61H9P?tag=eloabder-20&linkCode=osi&th=1&psc=1">View Product</a></div><div class="product"><a href="https://www.amazon.com/dp/B0D1DLY4H4?tag=eloabder-20&linkCode=osi&th=1&psc=1"><img src="https://m.media-amazon.com/images/I/41sKiuSIwRL._SL500_.jpg" alt="Product Image"></a><p>SKYLEO Led Desk Lamp - Desk Light for 31.5" Tall - 5 Color Modes X 11 Brightness Levels - Adjustable Swing Arm - Timmer & Memory Function - 12W Lamp for Desk - Black</p><p> -23% 0FF </p><p>$19.99</p><a href="https://www.amazon.com/dp/B0D1DLY4H4?tag=eloabder-20&linkCode=osi&th=1&psc=1">View Product</a></div><div class="product"><a href="https://www.amazon.com/dp/B0D2LGK82V?tag=eloabder-20&linkCode=osi&th=1&psc=1"><img src="https://m.media-amazon.com/images/I/41UpQ-qygDL._SL500_.jpg" alt="Product Image"></a><p>Addtam LED Desk Lamp, Power Strip with 3 Outlets 4 USB Charging Ports(2 USBC), 4 Modes 5 Level Brightness Touch Lamp, Small Desk Lamp for Home Office College Dorm Room Essentials</p><p> -23% 0FF </p><p>$16.99</p><a href="https://www.amazon.com/dp/B0D2LGK82V?tag=eloabder-20&linkCode=osi&th=1&psc=1">View Product</a></div><div class="product"><a href="https://www.amazon.com/dp/B08LMTQ7ZF?tag=eloabder-20&linkCode=osi&th=1&psc=1"><img src="https://m.media-amazon.com/images/I/21vKPX2KHML._SL500_.jpg" alt="Product Image"></a><p>Lepro LED Desk Lamp for Home Office, 9.5W 750LM Metal Touch Control Desk Light, 5 Color Modes 5 Brightness Level, Eye Caring Task Lamp For Reading, Sewing, Crafts, School Supplies, Puzzle Light, Black</p><p> -13% 0FF </p><p>$24.99</p><a href="https://www.amazon.com/dp/B08LMTQ7ZF?tag=eloabder-20&linkCode=osi&th=1&psc=1">View Product</a></div>
<div class="product"><a href="https://www.amazon.com/dp/B0D7BXNDP4?tag=eloabder-20&linkCode=osi&th=1&psc=1"><img src="https://m.media-amazon.com/images/I/41DuEunZ1+L._SL500_.jpg" alt="Product Image"></a><p>Monitor Fan with Clamp & Light Bar Desk Lamp with fan for Office mini Desk fan small quiet with lamp for PC Laptops Tablet for Home Office Portable Working Reading Stand Lamp</p><p> -5% 0FF </p><p>$15.19</p><a href="https://www.amazon.com/dp/B0D7BXNDP4?tag=eloabder-20&linkCode=osi&th=1&psc=1">View Product</a></div><div class="product"><a href="https://www.amazon.com/dp/B07K1D41DC?tag=eloabder-20&linkCode=osi&th=1&psc=1"><img src="https://m.media-amazon.com/images/I/310MAouNV-L._SL500_.jpg" alt="Product Image"></a><p>OttLite Cool Breeze LED Lamp with Bladeless Fan - 3 Speed Options & 5 Brightness Settings with Energy Efficient Natural Daylight LEDs - Desktop, Table or Nightstand Lamp for Studying or Reading</p><p> -14% 0FF </p><p>$89.98</p><a href="https://www.amazon.com/dp/B07K1D41DC?tag=eloabder-20&linkCode=osi&th=1&psc=1">View Product</a></div>
<div class="product"><a href="https://www.amazon.com/dp/B0CXSXL1F2?tag=eloabder-20&linkCode=osi&th=1&psc=1"><img src="https://m.media-amazon.com/images/I/41H6cndt7iL._SL500_.jpg" alt="Product Image"></a><p>9 Pack Lined Sticky Notes 4x6 in Post Sticky Notes with Lines, 9 Bright Colors Self Sticky Notes Pad Its, Large Ruled Sticky Note for Office, Home, 35 Sheets/Pad</p><p> -33% 0FF </p><p>$7.99</p><a href="https://www.amazon.com/dp/B0CXSXL1F2?tag=eloabder-20&linkCode=osi&th=1&psc=1">View Product</a></div><div class="product"><a href="https://www.amazon.com/dp/B019QROV9S?tag=eloabder-20&linkCode=osi&th=1&psc=1"><img src="https://m.media-amazon.com/images/I/51OsStyntzL._SL500_.jpg" alt="Product Image"></a><p>Sharpie Clear View Highlighter Sticks, Chisel Tip, Assorted Fluorescent, 8 Count - School, Home, and Office Use, Teacher Supplies</p><p> -23% 0FF </p><p>$13.86</p><a href="https://www.amazon.com/dp/B019QROV9S?tag=eloabder-20&linkCode=osi&th=1&psc=1">View Product</a></div>
<div class="product"><a href="https://www.amazon.com/dp/B082PN4X5J?tag=eloabder-20&linkCode=osi&th=1&psc=1"><img src="https://m.media-amazon.com/images/I/51o+eA8g6nL._SL500_.jpg" alt="Product Image"></a><p>Sharpie S-Gel Gel Pens, Black Barrel, Medium Point (0.7mm), Black Gel Ink Pens, 12 Count - Home, Office, School, Journaling, Writing, Note-Taking, Teacher Supplies</p><p> -14% 0FF </p><p>$11.97</p><a href="https://www.amazon.com/dp/B082PN4X5J?tag=eloabder-20&linkCode=osi&th=1&psc=1">View Product</a></div><div class="product"><a href="https://www.amazon.com/dp/B0C9W8DD9S?tag=eloabder-20&linkCode=osi&th=1&psc=1"><img src="https://m.media-amazon.com/images/I/41mdSvEwNZL._SL500_.jpg" alt="Product Image"></a><p>Ddaowanx Gel Pens, 6 Pcs 0.5mm Quick Dry Black Ink Pens Fine Point Smooth Writing Pens, Cute Office School Supplies Gifts for Women</p><p> -10% 0FF </p><p>$8.99</p><a href="https://www.amazon.com/dp/B0C9W8DD9S?tag=eloabder-20&linkCode=osi&th=1&psc=1">View Product</a></div><div class="product"><a href="https://www.amazon.com/dp/B019QBOG3U?tag=eloabder-20&linkCode=osi&th=1&psc=1"><img src="https://m.media-amazon.com/images/I/416PjSebDoL._SL500_.jpg" alt="Product Image"></a><p>Paper Mate Colorful Gel Pens - InkJoy Gel Pens Assorted Medium Point (0.7). Perfect for Vibrant Colored Writing and Sketching with Paper Mate InkJoy 14 Count</p><p> -18% 0FF </p><p>$10.31</p><a href="https://www.amazon.com/dp/B019QBOG3U?tag=eloabder-20&linkCode=osi&th=1&psc=1">View Product</a></div><div class="product"><a href="https://www.amazon.com/dp/B0C73JDN4S?tag=eloabder-20&linkCode=osi&th=1&psc=1"><img src="https://m.media-amazon.com/images/I/51DJUUxL7HL._SL500_.jpg" alt="Product Image"></a><p>Linbsunne Ballpoint Pens Black Medium Point 1mm Pen with Super Soft Grip Ball Point Pen for Men Women Retractable Pens (gold-12 pcs)</p><p> -10% 0FF </p><p>$8.99</p><a href="https://www.amazon.com/dp/B0C73JDN4S?tag=eloabder-20&linkCode=osi&th=1&psc=1">View Product</a></div><div class="product"><a href="https://www.amazon.com/dp/B001OTA66O?tag=eloabder-20&linkCode=osi&th=1&psc=1"><img src="https://m.media-amazon.com/images/I/41yS5tBZQLL._SL500_.jpg" alt="Product Image"></a><p>BIC Glide Black Retractable Ballpoint Pens, Medium Point (1.0mm), 4-Count Pack, Ultra Smooth Writing Black Pens</p><p> -40% 0FF </p><p>$2.99</p><a href="https://www.amazon.com/dp/B001OTA66O?tag=eloabder-20&linkCode=osi&th=1&psc=1">View Product</a></div>
<div class="product"><a href="https://www.amazon.com/dp/B002HVXXCW?tag=eloabder-20&linkCode=osi&th=1&psc=1"><img src="https://m.media-amazon.com/images/I/41JeEedXCeL._SL500_.jpg" alt="Product Image"></a><p>Ticonderoga Wood-Cased Pencils, Pre-Sharpened, 2 HB Soft, Yellow, 10 Count</p><p> -58% 0FF </p><p>$2.49</p><a href="https://www.amazon.com/dp/B002HVXXCW?tag=eloabder-20&linkCode=osi&th=1&psc=1">View Product</a></div><div class="product"><a href="https://www.amazon.com/dp/B077Q4B6YN?tag=eloabder-20&linkCode=osi&th=1&psc=1"><img src="https://m.media-amazon.com/images/I/4160YcHGDNL._SL500_.jpg" alt="Product Image"></a><p>Paper Mate 2017483 Mechanical Pencils for Handwriting, Triangular, 5/PK, AST</p><p> -45% 0FF </p><p>$3.47</p><a href="https://www.amazon.com/dp/B077Q4B6YN?tag=eloabder-20&linkCode=osi&th=1&psc=1">View Product</a></div>
<div class="product"><a href="https://www.amazon.com/dp/B0D7YTZNRF?tag=eloabder-20&linkCode=osi&th=1&psc=1"><img src="https://m.media-amazon.com/images/I/41hSbSlNAmL._SL500_.jpg" alt="Product Image"></a><p>YASNAY Alcohol Markers, 48 Colors Dual Tip Art Marker, Drawing Markers, Coloring Marker for Kids Sketching Adult Coloring</p><p> -27% 0FF </p><p>$10.99</p><a href="https://www.amazon.com/dp/B0D7YTZNRF?tag=eloabder-20&linkCode=osi&th=1&psc=1">View Product</a></div><div class="product"><a href="https://www.amazon.com/dp/B07CJ8QXF8?tag=eloabder-20&linkCode=osi&th=1&psc=1"><img src="https://m.media-amazon.com/images/I/51bChi4-H4L._SL500_.jpg" alt="Product Image"></a><p>Dual Markers Brush Pens, 36 Fine Point Art Marker, Double Tip Colored Pen for Adult Coloring Hand Lettering, School Classroom Art Suppliers</p><p> -20% 0FF </p><p>$7.98</p><a href="https://www.amazon.com/dp/B07CJ8QXF8?tag=eloabder-20&linkCode=osi&th=1&psc=1">View Product</a></div><div class="product"><a href="https://www.amazon.com/dp/B071CP6X88?tag=eloabder-20&linkCode=osi&th=1&psc=1"><img src="https://m.media-amazon.com/images/I/41sNeEYkTNL._SL500_.jpg" alt="Product Image"></a><p>Crayola Super Tips Marker Set for Kids (100ct), Broad Tip & Fine Point Washable Art Markers for Kids, Bulk School Supplies, Teacher Classroom Must Haves, Drawing Supplies</p><p> -19% 0FF </p><p>$16.29</p><a href="https://www.amazon.com/dp/B071CP6X88?tag=eloabder-20&linkCode=osi&th=1&psc=1">View Product</a></div><div class="product"><a href="https://www.amazon.com/dp/B08MBFPFCQ?tag=eloabder-20&linkCode=osi&th=1&psc=1"><img src="https://m.media-amazon.com/images/I/51DaGL7Z4oL._SL500_.jpg" alt="Product Image"></a><p>Sharpie Permanent Markers Variety Pack, Includes Chisel, Fine, and Ultra-Fine Tips, Marker Set, Writing, Coloring, Poster, Office, School Supplies, Black, 6 Count</p><p> -19% 0FF </p><p>$4.63 ($0.77 / Count)</p><a href="https://www.amazon.com/dp/B08MBFPFCQ?tag=eloabder-20&linkCode=osi&th=1&psc=1">View Product</a></div>
<div class="product"><a href="https://www.amazon.com/dp/B09Y2KJ2KX?tag=eloabder-20&linkCode=osi&th=1&psc=1"><img src="https://m.media-amazon.com/images/I/41EhQr7suML._SL500_.jpg" alt="Product Image"></a><p>Sharpie Pocket Highlighters, Mild Pastel Colors, Assorted, Chisel Tip, 12 Count - School, Home, and Office Use, Teacher Supplies</p><p> -22% 0FF </p><p>$7.76 ($0.65 / Count)</p><a href="https://www.amazon.com/dp/B09Y2KJ2KX?tag=eloabder-20&linkCode=osi&th=1&psc=1">View Product</a></div><div class="product"><a href="https://www.amazon.com/dp/B08698MJWT?tag=eloabder-20&linkCode=osi&th=1&psc=1"><img src="https://m.media-amazon.com/images/I/512N7aYt5oL._SL500_.jpg" alt="Product Image"></a><p>Sharpie S-Note Creative Markers, Pastel Highlighters, Art Marker Set, Assorted Colors, Chisel Tip, 24 Count - School, Home, and Office Use, Teacher Supplies</p><p> -60% 0FF </p><p>$8.83</p><a href="https://www.amazon.com/dp/B08698MJWT?tag=eloabder-20&linkCode=osi&th=1&psc=1">View Product</a></div>
<div class="product"><a href="https://www.amazon.com/dp/B097DPQPYN?tag=eloabder-20&linkCode=osi&th=1&psc=1"><img src="https://m.media-amazon.com/images/I/51nFyQPtfkL._SL500_.jpg" alt="Product Image"></a><p>Sonuimy Pencil Sharpeners, 4 Pcs Pencil Sharpeners Manual,Dual Holes Compact Colored Handheld Pencil Sharpener for Kids with Lid Adults Students School Class Home Office (Covered)</p><p> -13% 0FF </p><p>$4.49</p><a href="https://www.amazon.com/dp/B097DPQPYN?tag=eloabder-20&linkCode=osi&th=1&psc=1">View Product</a></div><div class="product"><a href="https://www.amazon.com/dp/B000MFN1G8?tag=eloabder-20&linkCode=osi&th=1&psc=1"><img src="https://m.media-amazon.com/images/I/41JPflroUEL._SL500_.jpg" alt="Product Image"></a><p>Compact Desktop Electric Pencil Sharpener, Black, Sold as 1 Each</p><p> -21% 0FF </p><p>$15.89</p><a href="https://www.amazon.com/dp/B000MFN1G8?tag=eloabder-20&linkCode=osi&th=1&psc=1">View Product</a></div><div class="product"><a href="https://www.amazon.com/dp/B00125KXGI?tag=eloabder-20&linkCode=osi&th=1&psc=1"><img src="https://m.media-amazon.com/images/I/51avY0bZv6L._SL500_.jpg" alt="Product Image"></a><p>Bostitch Office Personal Electric Pencil Sharpener, Powerful Stall-Free Motor, High Capacity Shavings Tray, Blue</p><p> -13% 0FF </p><p>$17.48</p><a href="https://www.amazon.com/dp/B00125KXGI?tag=eloabder-20&linkCode=osi&th=1&psc=1">View Product</a></div><div class="product"><a href="https://www.amazon.com/dp/B078DZY9Z5?tag=eloabder-20&linkCode=osi&th=1&psc=1"><img src="https://m.media-amazon.com/images/I/41KbUFGrXfL._SL500_.jpg" alt="Product Image"></a><p>JARLINK Electric Pencil Sharpener, Heavy-Duty Helical Blade to Fast Sharpen, Auto Stop for No.2/Colored Pencils(6-8mm), AC Adapter/Battery Operated in School Classroom/Office/Home (Black)</p><p> -21% 0FF </p><p>$16.98</p><a href="https://www.amazon.com/dp/B078DZY9Z5?tag=eloabder-20&linkCode=osi&th=1&psc=1">View Product</a></div><div class="product"><a href="https://www.amazon.com/dp/B08DLXH86D?tag=eloabder-20&linkCode=osi&th=1&psc=1"><img src="https://m.media-amazon.com/images/I/41UghsnBycL._SL500_.jpg" alt="Product Image"></a><p>Aogwat Pencil Sharpener Electric Pencil Sharpener for Kids, Blade to Fast Sharpen, Suitable for No.2/School/Classroom/Office/Home (Black)</p><p> -23% 0FF </p><p>$9.99</p><a href="https://www.amazon.com/dp/B08DLXH86D?tag=eloabder-20&linkCode=osi&th=1&psc=1">View Product</a></div><div class="product"><a href="https://www.amazon.com/dp/B000GP0VIU?tag=eloabder-20&linkCode=osi&th=1&psc=1"><img src="https://m.media-amazon.com/images/I/318OKKSwzbL._SL500_.jpg" alt="Product Image"></a><p>Bostitch Office Wall Mount Manual Pencil Sharpener, Tip Saver, 8 Hole Dial, 6X Longer Cutter Life, Vertical or Horizontal Mounting Black (MPS1-BLK)</p><p> -9% 0FF </p><p>$13.18</p><a href="https://www.amazon.com/dp/B000GP0VIU?tag=eloabder-20&linkCode=osi&th=1&psc=1">View Product</a></div>
<div class="product"><a href="https://www.amazon.com/dp/B00094H4LU?tag=eloabder-20&linkCode=osi&th=1&psc=1"><img src="https://m.media-amazon.com/images/I/41f-fbZYU1L._SL500_.jpg" alt="Product Image"></a><p>Paper Mate Erasers | Pink Pearl Large Erasers 12 Count</p><p> -55% 0FF </p><p>$6.03</p><a href="https://www.amazon.com/dp/B00094H4LU?tag=eloabder-20&linkCode=osi&th=1&psc=1">View Product</a></div><div class="product"><a href="https://www.amazon.com/dp/B07DPVVMWB?tag=eloabder-20&linkCode=osi&th=1&psc=1"><img src="https://m.media-amazon.com/images/I/51wLlsENgiL._SL500_.jpg" alt="Product Image"></a><p>Mr. Pen Erasers for Pencils, 120 Pack, Pencil Top Erasers, Eraser Caps, Cap Tops, Topper Erasers. Ereaser</p><p> -24% 0FF </p><p>$5.95</p><a href="https://www.amazon.com/dp/B07DPVVMWB?tag=eloabder-20&linkCode=osi&th=1&psc=1">View Product</a></div><div class="product"><a href="https://www.amazon.com/dp/B07144DC8V?tag=eloabder-20&linkCode=osi&th=1&psc=1"><img src="https://m.media-amazon.com/images/I/51Ed1+HW9cL._SL500_.jpg" alt="Product Image"></a><p>Pentel Hi-Polymer Block Eraser, White, 10/Box (ZEH10PC10)</p><p> -44% 0FF </p><p>$9.99</p><a href="https://www.amazon.com/dp/B07144DC8V?tag=eloabder-20&linkCode=osi&th=1&psc=1">View Product</a></div><div class="product"><a href="https://www.amazon.com/dp/B0047CT6SE?tag=eloabder-20&linkCode=osi&th=1&psc=1"><img src="https://m.media-amazon.com/images/I/41bhWXKeeiL._SL500_.jpg" alt="Product Image"></a><p>Pentel Clic Retractable Eraser with Grip, 3 Pack</p><p> -29% 0FF </p><p>$4.77</p><a href="https://www.amazon.com/dp/B0047CT6SE?tag=eloabder-20&linkCode=osi&th=1&psc=1">View Product</a></div>
<div class="product"><a href="https://www.amazon.com/dp/B09S9X3HV7?tag=eloabder-20&linkCode=osi&th=1&psc=1"><img src="https://m.media-amazon.com/images/I/51GgMyfl5VL._SL500_.jpg" alt="Product Image"></a><p>Color Transparent Ruler Plastic Rulers - Ruler 12 inch, Kids Ruler for School, Ruler with Centimeters, Millimeter and Inches, Assorted Colors, Clear Rulers, 7 Pack School Rulers</p><p> -16% 0FF </p><p>$5.99</p><a href="https://www.amazon.com/dp/B09S9X3HV7?tag=eloabder-20&linkCode=osi&th=1&psc=1">View Product</a></div><div class="product"><a href="https://www.amazon.com/dp/B06XK9VQM4?tag=eloabder-20&linkCode=osi&th=1&psc=1"><img src="https://m.media-amazon.com/images/I/51Glln3n-nL._SL500_.jpg" alt="Product Image"></a><p>Outus 12 Pack Wood Ruler Bulk for Students Wooden School Rulers Gifts Office Classroom Measuring, 2 Scale, 12 Inch and 30 cm</p><p> -6% 0FF </p><p>$7.99</p><a href="https://www.amazon.com/dp/B06XK9VQM4?tag=eloabder-20&linkCode=osi&th=1&psc=1">View Product</a></div><div class="product"><a href="https://www.amazon.com/dp/B0B5MLTG7J?tag=eloabder-20&linkCode=osi&th=1&psc=1"><img src="https://m.media-amazon.com/images/I/51z9LUxLKmL._SL500_.jpg" alt="Product Image"></a><p>DAGONGREN 30 Pack Clear Plastic Rulers 12 Inch,Transparent Assorted Color Metric Bulk Rulers with Inches and Centimeters,Kids Ruler for School,Home,Office</p><p> -9% 0FF </p><p>$9.99</p><a href="https://www.amazon.com/dp/B0B5MLTG7J?tag=eloabder-20&linkCode=osi&th=1&psc=1">View Product</a></div><div class="product"><a href="https://www.amazon.com/dp/B096MPPF53?tag=eloabder-20&linkCode=osi&th=1&psc=1"><img src="https://m.media-amazon.com/images/I/51qUpElDRcS._SL500_.jpg" alt="Product Image"></a><p>Tenare 1 Set Plastic Clear Math Set Includes Protractor Triangle Rulers 12 Inch 6 Inch Straight Geometry Math Transparent Ruler Measuring Tool for School Office Home Supplies(Clear)</p><p> -25% 0FF </p><p>$5.98</p><a href="https://www.amazon.com/dp/B096MPPF53?tag=eloabder-20&linkCode=osi&th=1&psc=1">View Product</a></div>
<div class="product"><a href="https://www.amazon.com/dp/B07YDDX4JL?tag=eloabder-20&linkCode=osi&th=1&psc=1"><img src="https://m.media-amazon.com/images/I/41oBPZwCRLL._SL500_.jpg" alt="Product Image"></a><p>3-Pack 8" Heavy Duty Scissors with Ultra Sharp Blades and Comfort Grip Handles - For Office, Home, School, Sewing, and Crafts</p><p> -15% 0FF </p><p>$8.49 ($2.83 / Count)</p><a href="https://www.amazon.com/dp/B07YDDX4JL?tag=eloabder-20&linkCode=osi&th=1&psc=1">View Product</a></div><div class="product"><a href="https://www.amazon.com/dp/B01BRGU8R0?tag=eloabder-20&linkCode=osi&th=1&psc=1"><img src="https://m.media-amazon.com/images/I/41ANVra+eNL._SL500_.jpg" alt="Product Image"></a><p>Amazon Basics Stainless Steel Scissors for Office, Crafts, Multipurpose, Sharp, Comfort Grip, PVD Coated, 3 Pack, Multicolor</p><p> -45% 0FF </p><p>$7.55</p><a href="https://www.amazon.com/dp/B01BRGU8R0?tag=eloabder-20&linkCode=osi&th=1&psc=1">View Product</a></div><div class="product"><a href="https://www.amazon.com/dp/B000P0LNRE?tag=eloabder-20&linkCode=osi&th=1&psc=1"><img src="https://m.media-amazon.com/images/I/41fWgMTO0JL._SL500_.jpg" alt="Product Image"></a><p>Westcott 8-Inch Titanium-Bonded Scissors with Adjustable Glide Feature for Office and Home - Gray/Yellow, 2-Pack</p><p> -33% 0FF </p><p>$9.97</p><a href="https://www.amazon.com/dp/B000P0LNRE?tag=eloabder-20&linkCode=osi&th=1&psc=1">View Product</a></div>
<div class="product"><a href="https://www.amazon.com/dp/B074ZRZ4CZ?tag=eloabder-20&linkCode=osi&th=1&psc=1"><img src="https://m.media-amazon.com/images/I/41bu+HKxC2L._SL500_.jpg" alt="Product Image"></a><p>Swingline Commercial Stapler, 20 Sheet Capacity, Jam Free, Metal, 2 Pack, Black (44401AZ)</p><p> -5% 0FF </p><p>$18.98</p><a href="https://www.amazon.com/dp/B074ZRZ4CZ?tag=eloabder-20&linkCode=osi&th=1&psc=1">View Product</a></div><div class="product"><a href="https://www.amazon.com/dp/B001PME62K?tag=eloabder-20&linkCode=osi&th=1&psc=1"><img src="https://m.media-amazon.com/images/I/41gbaJu-3iL._SL500_.jpg" alt="Product Image"></a><p>Swingline Stapler, 40 Sheet Capacity, Optima 40, Jam Free, Reduced Effort, Soft Grip, Metal, Orange and Gray (87845)</p><p> -14% 0FF </p><p>$24.19</p><a href="https://www.amazon.com/dp/B001PME62K?tag=eloabder-20&linkCode=osi&th=1&psc=1">View Product</a></div><div class="product"><a href="https://www.amazon.com/dp/B0D2JBKYM1?tag=eloabder-20&linkCode=osi&th=1&psc=1"><img src="https://m.media-amazon.com/images/I/41zFTU9QpfL._SL500_.jpg" alt="Product Image"></a><p>Bostitch Office Stapler, No-Jam Premium for Desktop, Includes 1,250 Staples, Full-Strip, 25 Sheet Capacity, Black</p><p> -26% 0FF </p><p>$6.99</p><a href="https://www.amazon.com/dp/B0D2JBKYM1?tag=eloabder-20&linkCode=osi&th=1&psc=1">View Product</a></div><div class="product"><a href="https://www.amazon.com/dp/B0CC5GJKM1?tag=eloabder-20&linkCode=osi&th=1&psc=1"><img src="https://m.media-amazon.com/images/I/41JDDoSZQiL._SL500_.jpg" alt="Product Image"></a><p>Metal Stapler Heavy Duty 50 Sheet Capacity with 1750 Staples and Staple Remover, Full Strip Staplers for Desk, No Jam, Non-Slip for Office & Classroom, Black</p><p> -33% 0FF </p><p>$13.29</p><a href="https://www.amazon.com/dp/B0CC5GJKM1?tag=eloabder-20&linkCode=osi&th=1&psc=1">View Product</a></div><div class="product"><a href="https://www.amazon.com/dp/B0006HUQZ6?tag=eloabder-20&linkCode=osi&th=1&psc=1"><img src="https://m.media-amazon.com/images/I/31e-T-f1TGL._SL500_.jpg" alt="Product Image"></a><p>Swingline Stapler, 30 Sheet Capacity, 747 Business Stapler, Jam Free, Metal, Rio Red (74736)</p><p> -23% 0FF </p><p>$15.30</p><a href="https://www.amazon.com/dp/B0006HUQZ6?tag=eloabder-20&linkCode=osi&th=1&psc=1">View Product</a></div>
<div class="product"><a href="https://www.amazon.com/dp/B00J8PJJF0?tag=eloabder-20&linkCode=osi&th=1&psc=1"><img src="https://m.media-amazon.com/images/I/418dc+5ZGkL._SL500_.jpg" alt="Product Image"></a><p>Bostitch Office Premium Standard Staples, 1/4" Full Strip, Box of 5,000 Staples</p><p> -27% 0FF </p><p>$4.39</p><a href="https://www.amazon.com/dp/B00J8PJJF0?tag=eloabder-20&linkCode=osi&th=1&psc=1">View Product</a></div><div class="product"><a href="https://www.amazon.com/dp/B079VYR12V?tag=eloabder-20&linkCode=osi&th=1&psc=1"><img src="https://m.media-amazon.com/images/I/51xAt88vqrL._SL500_.jpg" alt="Product Image"></a><p>Officemate Standard Staples, 10 Boxes General Purpose Staple (91950)</p><p> -10% 0FF </p><p>$14.37</p><a href="https://www.amazon.com/dp/B079VYR12V?tag=eloabder-20&linkCode=osi&th=1&psc=1">View Product</a></div><div class="product"><a href="https://www.amazon.com/dp/B00006IFMQ?tag=eloabder-20&linkCode=osi&th=1&psc=1"><img src="https://m.media-amazon.com/images/I/51UsWZuFq8L._SL500_.jpg" alt="Product Image"></a><p>Bostitch Office B8 PowerCrown 0.25 Inch Staples, Pack of 5,000 Staples (STCRP21151/4), Silver</p><p> -30% 0FF </p><p>$2.33</p><a href="https://www.amazon.com/dp/B00006IFMQ?tag=eloabder-20&linkCode=osi&th=1&psc=1">View Product</a></div>
<div class="product"><a href="https://www.amazon.com/dp/B000J07BRQ?tag=eloabder-20&linkCode=osi&th=1&psc=1"><img src="https://m.media-amazon.com/images/I/51QpJKjajbL._SL500_.jpg" alt="Product Image"></a><p>Scotch Heavy Duty Shipping Packing Tape, Clear, Packing Tape for Moving Boxes and Packaging Supplies, 1.88 in. x 22.2 yd., 6 Roll Dispensers, Moving Supplies</p><p> -35% 0FF </p><p>$12.99</p><a href="https://www.amazon.com/dp/B000J07BRQ?tag=eloabder-20&linkCode=osi&th=1&psc=1">View Product</a></div><div class="product"><a href="https://www.amazon.com/dp/B0000DH8HQ?tag=eloabder-20&linkCode=osi&th=1&psc=1"><img src="https://m.media-amazon.com/images/I/414lAY+087L._SL500_.jpg" alt="Product Image"></a><p>Scotch Magic Tape, Invisible Transparent Tape, 6 Tape Rolls with Dispensers, 3/4 in x 650 in</p><p> -23% 0FF </p><p>$12.34</p><a href="https://www.amazon.com/dp/B0000DH8HQ?tag=eloabder-20&linkCode=osi&th=1&psc=1">View Product</a></div><div class="product"><a href="https://www.amazon.com/dp/B0DQHV6X92?tag=eloabder-20&linkCode=osi&th=1&psc=1"><img src="https://m.media-amazon.com/images/I/51ViCFlgldL._SL500_.jpg" alt="Product Image"></a><p>BeataTap Tape, Invisible Tape, 6 Rolls + 6 Refillable Dispensers, Matte Finish, Writable, 3/4″ x 650″, Transparent Tape, Clear Tape for Gift Wrapping Paper, School Supplies</p><p> -15% 0FF </p><p>$5.94 ($0.99 / Count)</p><a href="https://www.amazon.com/dp/B0DQHV6X92?tag=eloabder-20&linkCode=osi&th=1&psc=1">View Product</a></div><div class="product"><a href="https://www.amazon.com/dp/B07CB6LN5S?tag=eloabder-20&linkCode=osi&th=1&psc=1"><img src="https://m.media-amazon.com/images/I/41NNyeISnjL._SL500_.jpg" alt="Product Image"></a><p>Scotch Super-Hold Tape, 2 Rolls, Transparent Finish, 50% More Adhesive, Trusted Favorite, 3/4 x 600 Inches, Dispensered (198DM-2)</p><p> -30% 0FF </p><p>$5.97</p><a href="https://www.amazon.com/dp/B07CB6LN5S?tag=eloabder-20&linkCode=osi&th=1&psc=1">View Product</a></div><div class="product"><a href="https://www.amazon.com/dp/B00464740A?tag=eloabder-20&linkCode=osi&th=1&psc=1"><img src="https://m.media-amazon.com/images/I/51ZPFoiGfuL._SL500_.jpg" alt="Product Image"></a><p>Scotch Sure Start Shipping Packaging Tape, 1.88" x 22.2 yd, Designed for Packing, Shipping and Mailing, Quiet Unwind, No Splitting or Tearing, 1.5" Core, Clear, 6 Dispensered Rolls (145-6)</p><p> -28% 0FF </p><p>$13.48</p><a href="https://www.amazon.com/dp/B00464740A?tag=eloabder-20&linkCode=osi&th=1&psc=1">View Product</a></div><div class="product"><a href="https://www.amazon.com/dp/B09C6LLG9P?tag=eloabder-20&linkCode=osi&th=1&psc=1"><img src="https://m.media-amazon.com/images/I/41rbv66ZNBL._SL500_.jpg" alt="Product Image"></a><p>Scotch Box Lock Packaging Tape, 1 Roll with Dispenser, 1.88 in x 1000 in, Extreme Grip, Sticks Instantly to Any Box (195L)</p><p> -31% 0FF </p><p>$4.12</p><a href="https://www.amazon.com/dp/B09C6LLG9P?tag=eloabder-20&linkCode=osi&th=1&psc=1">View Product</a></div>
<div class="product"><a href="https://www.amazon.com/dp/B08QQZ71CV?tag=eloabder-20&linkCode=osi&th=1&psc=1"><img src="https://m.media-amazon.com/images/I/51Foz0aGYoS._SL500_.jpg" alt="Product Image"></a><p>Gorilla Super Glue, Clear Glue, Four 3 Gram Tubes (Pack of 1) - All Purpose and Fast Setting for Projects and Repairs</p><p> -25% 0FF </p><p>$9.49 ($22.60 / Ounce)</p><a href="https://www.amazon.com/dp/B08QQZ71CV?tag=eloabder-20&linkCode=osi&th=1&psc=1">View Product</a></div><div class="product"><a href="https://www.amazon.com/dp/B07J6R3GK7?tag=eloabder-20&linkCode=osi&th=1&psc=1"><img src="https://m.media-amazon.com/images/I/31kdOjGBkpL._SL500_.jpg" alt="Product Image"></a><p>Amazon Basics All Purpose Washable School Clear Liquid Glue - Great for Making Slime, 128 fl oz</p><p> -6% 0FF </p><p>$16.13</p><a href="https://www.amazon.com/dp/B07J6R3GK7?tag=eloabder-20&linkCode=osi&th=1&psc=1">View Product</a></div><div class="product"><a href="https://www.amazon.com/dp/B00178QQJ8?tag=eloabder-20&linkCode=osi&th=1&psc=1"><img src="https://m.media-amazon.com/images/I/41zs6k410RL._SL500_.jpg" alt="Product Image"></a><p>Mod Podge Gloss Sealer, Glue & Finish: All-in-One Craft Solution- Quick Dry, Easy Clean, for Wood, Paper, Fabric & More. Non-Toxic - Craft with Confidence, Made in USA, 16 oz., Pack of 1</p><p> -36% 0FF </p><p>$7.99 ($0.50 / Fl Oz)</p><a href="https://www.amazon.com/dp/B00178QQJ8?tag=eloabder-20&linkCode=osi&th=1&psc=1">View Product</a></div><div class="product"><a href="https://www.amazon.com/dp/B073V14DZJ?tag=eloabder-20&linkCode=osi&th=1&psc=1"><img src="https://m.media-amazon.com/images/I/31Iyy5+vk6L._SL500_.jpg" alt="Product Image"></a><p>Amazon Basics All Purpose Washable School Craft Liquid Glue for Making Slime, White, Single Pack, 1 Gallon</p><p> -7% 0FF </p><p>$15.54</p><a href="https://www.amazon.com/dp/B073V14DZJ?tag=eloabder-20&linkCode=osi&th=1&psc=1">View Product</a></div><div class="product"><a href="https://www.amazon.com/dp/B0006HUJCQ?tag=eloabder-20&linkCode=osi&th=1&psc=1"><img src="https://m.media-amazon.com/images/I/511pTqChTCL._SL500_.jpg" alt="Product Image"></a><p>Loctite Super Glue Gel Control, Clear, 0.14 fl oz Bottle, 1 Pack - Superglue for Plastic, Wood, Metal, Crafts & Repair, Cyanoacrylate Adhesive Instant Glue, Quick Dry</p><p> -13% 0FF </p><p>$3.64 ($26.00 / Fl Oz)</p><a href="https://www.amazon.com/dp/B0006HUJCQ?tag=eloabder-20&linkCode=osi&th=1&psc=1">View Product</a></div>
<div class="product"><a href="https://www.amazon.com/dp/B074XTRX7K?tag=eloabder-20&linkCode=osi&th=1&psc=1"><img src="https://m.media-amazon.com/images/I/31rOPIrMfDL._SL500_.jpg" alt="Product Image"></a><p>Amazon Basics Sturdy Binder Clips for Office Use, 96 Count (8 Pack of 12), Medium, 1.25 in, Black</p><p> -26% 0FF </p><p>$7.48</p><a href="https://www.amazon.com/dp/B074XTRX7K?tag=eloabder-20&linkCode=osi&th=1&psc=1">View Product</a></div><div class="product"><a href="https://www.amazon.com/dp/B00TQ8FDB8?tag=eloabder-20&linkCode=osi&th=1&psc=1"><img src="https://m.media-amazon.com/images/I/51y7lUrMLnL._SL500_.jpg" alt="Product Image"></a><p>ACCO Binder Clips, Medium, Black, 12 per Box, 2 Boxes (72062)</p><p> -25% 0FF </p><p>$5.96</p><a href="https://www.amazon.com/dp/B00TQ8FDB8?tag=eloabder-20&linkCode=osi&th=1&psc=1">View Product</a></div><div class="product"><a href="https://www.amazon.com/dp/B08KWCDP3C?tag=eloabder-20&linkCode=osi&th=1&psc=1"><img src="https://m.media-amazon.com/images/I/41qucDz6HuL._SL500_.jpg" alt="Product Image"></a><p>Ufmarine Medium Binder Clips 1.25 inch Length, (40 Pcs) Colorful Paper Clips Medium for Office</p><p> -12% 0FF </p><p>$5.99</p><a href="https://www.amazon.com/dp/B08KWCDP3C?tag=eloabder-20&linkCode=osi&th=1&psc=1">View Product</a></div>
<div class="product"><a href="https://www.amazon.com/dp/B09XQLJFDD?tag=eloabder-20&linkCode=osi&th=1&psc=1"><img src="https://m.media-amazon.com/images/I/41iiSFMy4uL._SL500_.jpg" alt="Product Image"></a><p>PAPERPAL Paperclips for Office School & Personal Use, #1 Nonskid Paper Clip (1-2/7"), 600 Medium Paper Clips (6 Boxes of 100 Each), Silver</p><p> -20% 0FF </p><p>$7.99</p><a href="https://www.amazon.com/dp/B09XQLJFDD?tag=eloabder-20&linkCode=osi&th=1&psc=1">View Product</a></div>

<div class="product"><a href="https://www.amazon.com/dp/B004I2G8NO?tag=eloabder-20&linkCode=osi&th=1&psc=1"><img src="https://m.media-amazon.com/images/I/51WEsLRINGL._SL500_.jpg" alt="Product Image"></a><p>Business Source Rubber Band, Natural (1914LB)</p><p> -26% 0FF </p><p>$4.00</p><a href="https://www.amazon.com/dp/B004I2G8NO?tag=eloabder-20&linkCode=osi&th=1&psc=1">View Product</a></div><div class="product"><a href="https://www.amazon.com/dp/B077GDY1LP?tag=eloabder-20&linkCode=osi&th=1&psc=1"><img src="https://m.media-amazon.com/images/I/41nn0nmNTiL._SL500_.jpg" alt="Product Image"></a><p>ANNIE 1000 RUBBER BANDS 1/2" #BLACK</p><p> -7% 0FF </p><p>$4.90 ($1.22 / Count)</p><a href="https://www.amazon.com/dp/B077GDY1LP?tag=eloabder-20&linkCode=osi&th=1&psc=1">View Product</a></div><div class="product"><a href="https://www.amazon.com/dp/B000783OPI?tag=eloabder-20&linkCode=osi&th=1&psc=1"><img src="https://m.media-amazon.com/images/I/510okXKzMqL._SL500_.jpg" alt="Product Image"></a><p>Universal 00419 19-Size Rubber Bands (335 Per Pack), Beige</p><p> -29% 0FF </p><p>$3.44</p><a href="https://www.amazon.com/dp/B000783OPI?tag=eloabder-20&linkCode=osi&th=1&psc=1">View Product</a></div><div class="product"><a href="https://www.amazon.com/dp/B00006IBRU?tag=eloabder-20&linkCode=osi&th=1&psc=1"><img src="https://m.media-amazon.com/images/I/51pU5khkX8L._SL500_.jpg" alt="Product Image"></a><p>ALL26335 - Alliance Rubber 26335 Advantage Rubber Bands - Size #33, Natural, 1 Pound 3 x 1/8 inches</p><p> -62% 0FF </p><p>$3.29</p><a href="https://www.amazon.com/dp/B00006IBRU?tag=eloabder-20&linkCode=osi&th=1&psc=1">View Product</a></div>
<div class="product"><a href="https://www.amazon.com/dp/B0DSKTZBB6?tag=eloabder-20&linkCode=osi&th=1&psc=1"><img src="https://m.media-amazon.com/images/I/415YD3kNFlL._SL500_.jpg" alt="Product Image"></a><p>300 Count Colored Index Cards 3 x 5 Inch Ruled Index Cards, Flash Cards College Ruled for School, College, Office and Home Organization, Durable Study To Do List Note Cards with Ruled Lines</p><p> -10% 0FF </p><p>$6.29</p><a href="https://www.amazon.com/dp/B0DSKTZBB6?tag=eloabder-20&linkCode=osi&th=1&psc=1">View Product</a></div><div class="product"><a href="https://www.amazon.com/dp/B09JYQZQ3V?tag=eloabder-20&linkCode=osi&th=1&psc=1"><img src="https://m.media-amazon.com/images/I/41y5vfnutuL._SL500_.jpg" alt="Product Image"></a><p>Oxford Index Cards, 3 x 5 Inches, White, Lined on Front, Blank on Back, Flashcards for School and Studying, Recipe Note Cards, 500 Count (5 Packs of 100) (40176)</p><p> -22% 0FF </p><p>$7.01</p><a href="https://www.amazon.com/dp/B09JYQZQ3V?tag=eloabder-20&linkCode=osi&th=1&psc=1">View Product</a></div>
<div class="product"><a href="https://www.amazon.com/dp/B00P9U2EM8?tag=eloabder-20&linkCode=osi&th=1&psc=1"><img src="https://m.media-amazon.com/images/I/41Op5kyIukL._SL500_.jpg" alt="Product Image"></a><p>Mead Spiral Notebook, 6 Pack, 1 Subject, College Ruled Paper, 7-1/2" x 10-1/2", 70 Sheets per Notebook, Colors Will Vary (830062-ECM25)</p><p> -46% 0FF </p><p>$6.71</p><a href="https://www.amazon.com/dp/B00P9U2EM8?tag=eloabder-20&linkCode=osi&th=1&psc=1">View Product</a></div><div class="product"><a href="https://www.amazon.com/dp/B0CQN8FVJX?tag=eloabder-20&linkCode=osi&th=1&psc=1"><img src="https://m.media-amazon.com/images/I/414WVVoGFPL._SL500_.jpg" alt="Product Image"></a><p>SUNEE Spiral Notebooks, 1-Subject, 5 Pack, College Ruled Paper, 8" x 10-1/2", 70 Sheets per Notebook,3-Hole Punched Paper, Pink,Purple, Blue, Green, Yellow Spiral Lined Notebooks for School,Work</p><p> -29% 0FF </p><p>$9.99</p><a href="https://www.amazon.com/dp/B0CQN8FVJX?tag=eloabder-20&linkCode=osi&th=1&psc=1">View Product</a></div><div class="product"><a href="https://www.amazon.com/dp/B08NYRMWZ8?tag=eloabder-20&linkCode=osi&th=1&psc=1"><img src="https://m.media-amazon.com/images/I/41y1cnNXtOL._SL500_.jpg" alt="Product Image"></a><p>Yansanido Spiral Notebook, 4 Pcs 8.3 Inch x 5.9 Inch A5 Thick Plastic Hardcover 8mm Ruled 4 Color 80 Sheets -160 Pages Journals for Study and Notes (style 10-Wine Red,Brown,Green,ivory, A5)</p><p> -23% 0FF </p><p>$9.99</p><a href="https://www.amazon.com/dp/B08NYRMWZ8?tag=eloabder-20&linkCode=osi&th=1&psc=1">View Product</a></div><div class="product"><a href="https://www.amazon.com/dp/B08VF9VYLZ?tag=eloabder-20&linkCode=osi&th=1&psc=1"><img src="https://m.media-amazon.com/images/I/41ktUSmtHAL._SL500_.jpg" alt="Product Image"></a><p>Oxford Spiral Notebooks, 6 Pack, 1 Subject, Wide Ruled Notebooks for School, 8 x 10.5 Inches, 70 Sheets, Assorted Pastel Colors, Back to School Supplies (63757)</p><p> -6% 0FF </p><p>$8.99</p><a href="https://www.amazon.com/dp/B08VF9VYLZ?tag=eloabder-20&linkCode=osi&th=1&psc=1">View Product</a></div>
<div class="product"><a href="https://www.amazon.com/dp/B0FDRCSXZH?tag=eloabder-20&linkCode=osi&th=1&psc=1"><img src="https://m.media-amazon.com/images/I/41rYztS-0zL._SL500_.jpg" alt="Product Image"></a><p>5pcs Small Note Pads, Color Notepads 5x8 College Ruled Notebook, Writing Pads 5 x 8, Legal Pads, Memo Pad Paper Perforate Narrow Ruled Notebooks for Work, School, Office Supplies,30 Sheets/Pack</p><p> -14% 0FF </p><p>$5.99</p><a href="https://www.amazon.com/dp/B0FDRCSXZH?tag=eloabder-20&linkCode=osi&th=1&psc=1">View Product</a></div><div class="product"><a href="https://www.amazon.com/dp/B0BZQNCV62?tag=eloabder-20&linkCode=osi&th=1&psc=1"><img src="https://m.media-amazon.com/images/I/41yNqvqCwoL._SL500_.jpg" alt="Product Image"></a><p>Alitte Legal Notepads 8.5 x 11, Pack of 12 - Perforated Wide Ruled Writing Pad - Premium Thick Paper, No Ink Bleeding - Blank Legal Pads For Home, Office, School, Business - 50 Sheets Per Notebook</p><p> -17% 0FF </p><p>$24.99</p><a href="https://www.amazon.com/dp/B0BZQNCV62?tag=eloabder-20&linkCode=osi&th=1&psc=1">View Product</a></div>
<div class="product"><a href="https://www.amazon.com/dp/B0C7S1PCX4?tag=eloabder-20&linkCode=osi&th=1&psc=1"><img src="https://m.media-amazon.com/images/I/41nVRBg2klL._SL500_.jpg" alt="Product Image"></a><p>Oxford 8.5 x 11 Legal Pads, 12 Pack, Wide Ruled, Yellow Paper, 50 Sheets Per Writing Pad, Made in the USA (74020)</p><p> -30% 0FF </p><p>$12.60</p><a href="https://www.amazon.com/dp/B0C7S1PCX4?tag=eloabder-20&linkCode=osi&th=1&psc=1">View Product</a></div><div class="product"><a href="https://www.amazon.com/dp/B0CGF22134?tag=eloabder-20&linkCode=osi&th=1&psc=1"><img src="https://m.media-amazon.com/images/I/41FzLgeXAyL._SL500_.jpg" alt="Product Image"></a><p>MSKKSM Legal Pads 8.5 x 11, 3 Pack Yellow Note Pads 8.5 x 11 Writing Pads, Wide Ruled Legal Notepads, Lined Pads of Paper Yellow Paper Pads, 30 Sheets Per Notepad for School, Home, Office, Business</p><p> -17% 0FF </p><p>$9.99</p><a href="https://www.amazon.com/dp/B0CGF22134?tag=eloabder-20&linkCode=osi&th=1&psc=1">View Product</a></div><div class="product"><a href="https://www.amazon.com/dp/B0FCMWHFC2?tag=eloabder-20&linkCode=osi&th=1&psc=1"><img src="https://m.media-amazon.com/images/I/41MMVFB-S4L._SL500_.jpg" alt="Product Image"></a><p>5pcs Legal Pads 8.5 x 11, Notepads 8.5 x 11 Inch, Color Note Pads Clear Print Writing Pads of Paper, Memo Pads , Perforate Legal Notepads Paper , Wide Ruled Lined with Sturdy Back,30 Sheets/Pack</p><p> -8% 0FF </p><p>$11.99</p><a href="https://www.amazon.com/dp/B0FCMWHFC2?tag=eloabder-20&linkCode=osi&th=1&psc=1">View Product</a></div>
<div class="product"><a href="https://www.amazon.com/dp/B08H593JZG?tag=eloabder-20&linkCode=osi&th=1&psc=1"><img src="https://m.media-amazon.com/images/I/415Ykzo-lyL._SL500_.jpg" alt="Product Image"></a><p>Eastern Wolf 8 Pads Sticky Notes 3x3 Self-Stick Notes 8 Bright Multi Colors Purple Sticky Notes, 85 Sheet/Pad</p><p> -20% 0FF </p><p>$5.59</p><a href="https://www.amazon.com/dp/B08H593JZG?tag=eloabder-20&linkCode=osi&th=1&psc=1">View Product</a></div><div class="product"><a href="https://www.amazon.com/dp/B0BPJW13CM?tag=eloabder-20&linkCode=osi&th=1&psc=1"><img src="https://m.media-amazon.com/images/I/41uKwTyz1rL._SL500_.jpg" alt="Product Image"></a><p>Post-it 100% Recycled Paper Super Sticky Notes, 2X The Sticking Power, 3x3 in, 5 Pads, 70 Sheets/Pad, Wanderlust Pastels Collection (654R-5SSNRP)</p><p> -33% 0FF </p><p>$5.98</p><a href="https://www.amazon.com/dp/B0BPJW13CM?tag=eloabder-20&linkCode=osi&th=1&psc=1">View Product</a></div><div class="product"><a href="https://www.amazon.com/dp/B0D6RPPK9H?tag=eloabder-20&linkCode=osi&th=1&psc=1"><img src="https://m.media-amazon.com/images/I/41O8zZ-RN4L._SL500_.jpg" alt="Product Image"></a><p>(18 Pads) Sticky Notes 3x3 inch, Self-Stick Pads Bright Colors Sticky Note, Recyclable, Easy to Post for Home, Office, Notebook</p><p> -40% 0FF </p><p>$8.39</p><a href="https://www.amazon.com/dp/B0D6RPPK9H?tag=eloabder-20&linkCode=osi&th=1&psc=1">View Product</a></div><div class="product"><a href="https://www.amazon.com/dp/B0CMGJ6FRB?tag=eloabder-20&linkCode=osi&th=1&psc=1"><img src="https://m.media-amazon.com/images/I/41xF9DqIGZL._SL500_.jpg" alt="Product Image"></a><p>Sticky Notes, 12 Pads, 3x3 inches, Soft Pastel Self-Stick Note Pads, Perfect for Office, Study, and Daily Life Organization - Soft Pastel</p><p> -16% 0FF </p><p>$5.06</p><a href="https://www.amazon.com/dp/B0CMGJ6FRB?tag=eloabder-20&linkCode=osi&th=1&psc=1">View Product</a></div>
<div class="product"><a href="https://www.amazon.com/dp/B07VRYX57R?tag=eloabder-20&linkCode=osi&th=1&psc=1"><img src="https://m.media-amazon.com/images/I/410XbLRqukL._SL500_.jpg" alt="Product Image"></a><p>(24 Pack) Sticky Notes 3x3 in Post Bright Stickies Colorful Super Sticking Power Memo Pads, Strong Adhesive, 74 Sheets/pad</p><p> -35% 0FF </p><p>$16.99</p><a href="https://www.amazon.com/dp/B07VRYX57R?tag=eloabder-20&linkCode=osi&th=1&psc=1">View Product</a></div><div class="product"><a href="https://www.amazon.com/dp/B00QSR9PRI?tag=eloabder-20&linkCode=osi&th=1&psc=1"><img src="https://m.media-amazon.com/images/I/31n-YNlgraL._SL500_.jpg" alt="Product Image"></a><p>Amazon Basics Narrow Ruled Lined Writing Note Pad, 5 inch x 8 inch, White, 12 Count (12 Pack of 50 pages)</p><p> -6% 0FF </p><p>$8.78</p><a href="https://www.amazon.com/dp/B00QSR9PRI?tag=eloabder-20&linkCode=osi&th=1&psc=1">View Product</a></div><div class="product"><a href="https://www.amazon.com/dp/B0D5M4D3NN?tag=eloabder-20&linkCode=osi&th=1&psc=1"><img src="https://m.media-amazon.com/images/I/41uzPvHBCDL._SL500_.jpg" alt="Product Image"></a><p>(12 Pack) Lined Sticky Notes 4x6 in Ruled Stickies Super Sticking Power Memo Pads Bright Colors</p><p> -40% 0FF </p><p>$8.98</p><a href="https://www.amazon.com/dp/B0D5M4D3NN?tag=eloabder-20&linkCode=osi&th=1&psc=1">View Product</a></div><div class="product"><a href="https://www.amazon.com/dp/B0CQK3M5VK?tag=eloabder-20&linkCode=osi&th=1&psc=1"><img src="https://m.media-amazon.com/images/I/31jKEzc1qFL._SL500_.jpg" alt="Product Image"></a><p>Note Pads 4x6 Inch, 6 Pack Blank Scratch Pads, 50 Sheets Per Memo Pad for Writing, White Pad of Paper Suit for Home, Office and School, Tear off Notepad, Small Server Notebook</p><p> -10% 0FF </p><p>$6.29</p><a href="https://www.amazon.com/dp/B0CQK3M5VK?tag=eloabder-20&linkCode=osi&th=1&psc=1">View Product</a></div>
<div class="product"><a href="https://www.amazon.com/dp/B0F5D4VNBX?tag=eloabder-20&linkCode=osi&th=1&psc=1"><img src="https://m.media-amazon.com/images/I/41SnXbixNcL._SL500_.jpg" alt="Product Image"></a><p>Blue Sky 2026 Weekly and Monthly Planner Calendar, Includes January 2026 - December 2026, 5" x 8", Flexible Cover, Wirebound, Laminated Tabs, Enterprise</p><p> -10% 0FF </p><p>$8.99</p><a href="https://www.amazon.com/dp/B0F5D4VNBX?tag=eloabder-20&linkCode=osi&th=1&psc=1">View Product</a></div><div class="product"><a href="https://www.amazon.com/dp/B0FRNQDRCR?tag=eloabder-20&linkCode=osi&th=1&psc=1"><img src="https://m.media-amazon.com/images/I/51rBf1oJchL._SL500_.jpg" alt="Product Image"></a><p>Essential PRO 2026 Daily, Weekly & Monthly Planner, 7"x9": 14 Months (Nov 2025 - Dec 2026) Monthly Tabs,Daily Tracking,Notes Pages,Storage Pocket,Bookmark w Sticky Notes (Tree Seasons)</p><p> -14% 0FF </p><p>$29.95</p><a href="https://www.amazon.com/dp/B0FRNQDRCR?tag=eloabder-20&linkCode=osi&th=1&psc=1">View Product</a></div><div class="product"><a href="https://www.amazon.com/dp/B0DYBQWJ5S?tag=eloabder-20&linkCode=osi&th=1&psc=1"><img src="https://m.media-amazon.com/images/I/41UP6Ui7BjL._SL500_.jpg" alt="Product Image"></a><p>AT-A-GLANCE 2026 Appointment Book Planner, Weekly, 8" x 11", Large, Quarter-Hourly, DayMinder, Black (G5200026)</p><p> -45% 0FF </p><p>$15.87</p><a href="https://www.amazon.com/dp/B0DYBQWJ5S?tag=eloabder-20&linkCode=osi&th=1&psc=1">View Product</a></div><div class="product"><a href="https://www.amazon.com/dp/B0DJ8SXCR4?tag=eloabder-20&linkCode=osi&th=1&psc=1"><img src="https://m.media-amazon.com/images/I/41sRmmLvCsL._SL500_.jpg" alt="Product Image"></a><p>Planner 2025-2026, Weekly and Monthly Calendar Academic Planner (July 2025 - June 2026), Hardcover Teacher School Student Agenda with Tabs, Ideal for School Office Supplies, A5 (6.3" x 8.5") - Green</p><p> -25% 0FF </p><p>$8.99</p><a href="https://www.amazon.com/dp/B0DJ8SXCR4?tag=eloabder-20&linkCode=osi&th=1&psc=1">View Product</a></div><div class="product"><a href="https://www.amazon.com/dp/B0D2VW43KP?tag=eloabder-20&linkCode=osi&th=1&psc=1"><img src="https://m.media-amazon.com/images/I/41eyA1Q1U4L._SL500_.jpg" alt="Product Image"></a><p>Forvencer 2026 Planner, Hardcover Calendar Planner Weekly and Monthly, January 2026 - December 2026, 8.5" x 11", Spiral Agenda Book with Tabs, Exquisite Daily Journal with Inner Pocket, Organizer Notebook for Office Home School, A4 Size, Green</p><p> -41% 0FF </p><p>$9.99</p><a href="https://www.amazon.com/dp/B0D2VW43KP?tag=eloabder-20&linkCode=osi&th=1&psc=1">View Product</a></div>
<div class="product"><a href="https://www.amazon.com/dp/B0DYBYRY3R?tag=eloabder-20&linkCode=osi&th=1&psc=1"><img src="https://m.media-amazon.com/images/I/41oxPcKnCuL._SL500_.jpg" alt="Product Image"></a><p>AT-A-GLANCE 2026 Desk Calendar, Monthly, Desk Pad, 21-3/4" x 17", Large, Ruled Blocks (SK240026)</p><p> -19% 0FF </p><p>$11.89</p><a href="https://www.amazon.com/dp/B0DYBYRY3R?tag=eloabder-20&linkCode=osi&th=1&psc=1">View Product</a></div><div class="product"><a href="https://www.amazon.com/dp/B0DXQ416QR?tag=eloabder-20&linkCode=osi&th=1&psc=1"><img src="https://m.media-amazon.com/images/I/41o3YUjfIVL._SL500_.jpg" alt="Product Image"></a><p>Aesthetic 2025-2026 Wall Calendar - Runs from May 2025 Until December 2026 - The Perfect Modern Calendar Planner for Easy Organizing</p><p> -43% 0FF </p><p>$3.99</p><a href="https://www.amazon.com/dp/B0DXQ416QR?tag=eloabder-20&linkCode=osi&th=1&psc=1">View Product</a></div><div class="product"><a href="https://www.amazon.com/dp/B0CCRXKSK8?tag=eloabder-20&linkCode=osi&th=1&psc=1"><img src="https://m.media-amazon.com/images/I/51eOdkimr+L._SL500_.jpg" alt="Product Image"></a><p>SUNEE Wall Calendar 2025-2026 Large 22.75"x15.5", 21 Month Calendar from October 2025 to June 2027, Vertical Extra Large Monthly Calendar 2026 for Wall, Seasons Color</p><p> -24% 0FF </p><p>$15.19</p><a href="https://www.amazon.com/dp/B0CCRXKSK8?tag=eloabder-20&linkCode=osi&th=1&psc=1">View Product</a></div><div class="product"><a href="https://www.amazon.com/dp/B0F7HZ7C9G?tag=eloabder-20&linkCode=osi&th=1&psc=1"><img src="https://m.media-amazon.com/images/I/41rkKO18HGL._SL500_.jpg" alt="Product Image"></a><p>Beautiful 2025-2026 Wall Calendar - Runs from July 2025 until December 2026 – Large 14.5" x 11.5" Office Wall Calendar for Easy Organizing</p><p> -10% 0FF </p><p>$8.99</p><a href="https://www.amazon.com/dp/B0F7HZ7C9G?tag=eloabder-20&linkCode=osi&th=1&psc=1">View Product</a></div><div class="product"><a href="https://www.amazon.com/dp/B0DYDC7ZLV?tag=eloabder-20&linkCode=osi&th=1&psc=1"><img src="https://m.media-amazon.com/images/I/51MOLWJ45HL._SL500_.jpg" alt="Product Image"></a><p>XISIDO 2025-2026 Wall Calendar, Calendar 2025-2026, 18 Month Calendar July 2025 - December 2026, 14.8" X 11.5", Calendar with Twin-Wire Binding, Hanging Hook and Julian Dates (Seasonal Designs)</p><p> -20% 0FF </p><p>$7.99</p><a href="https://www.amazon.com/dp/B0DYDC7ZLV?tag=eloabder-20&linkCode=osi&th=1&psc=1">View Product</a></div><div class="product"><a href="https://www.amazon.com/dp/B0D2KCVBBD?tag=eloabder-20&linkCode=osi&th=1&psc=1"><img src="https://m.media-amazon.com/images/I/51Eg-3ZKZxL._SL500_.jpg" alt="Product Image"></a><p>XISIDO Calendar 2025-2026, 18 Months Wall Calendar July 2025 to Dec 2026 Calendar with Julian Dates, 11" X 8.5" (Colorful)</p><p> -33% 0FF </p><p>$3.99</p><a href="https://www.amazon.com/dp/B0D2KCVBBD?tag=eloabder-20&linkCode=osi&th=1&psc=1">View Product</a></div><div class="product"><a href="https://www.amazon.com/dp/B0DY7R9226?tag=eloabder-20&linkCode=osi&th=1&psc=1"><img src="https://m.media-amazon.com/images/I/41eTUjCfzFL._SL500_.jpg" alt="Product Image"></a><p>Lbylyhxc Wall Calendar 2025-2026 - Runs from July 2025 to December 2026-18 Monthly Calendar 2026. Thick Paper includes major holidays and dedicated space for notes and important dates (Colorful Calendar 2025-2026)</p><p> -50% 0FF </p><p>$2.49</p><a href="https://www.amazon.com/dp/B0DY7R9226?tag=eloabder-20&linkCode=osi&th=1&psc=1">View Product</a></div>
<div class="product"><a href="https://www.amazon.com/dp/B00NI5LVAW?tag=eloabder-20&linkCode=osi&th=1&psc=1"><img src="https://m.media-amazon.com/images/I/31X0RgqQ1ML._SL500_.jpg" alt="Product Image"></a><p>Pendaflex File Folders, Letter Size, 1/3 Cut, Manila, 250 per Box (752250)</p><p> -11% 0FF </p><p>$26.50</p><a href="https://www.amazon.com/dp/B00NI5LVAW?tag=eloabder-20&linkCode=osi&th=1&psc=1">View Product</a></div><div class="product"><a href="https://www.amazon.com/dp/B0D1YBFHS8?tag=eloabder-20&linkCode=osi&th=1&psc=1"><img src="https://m.media-amazon.com/images/I/41qkHxiS+vL._SL500_.jpg" alt="Product Image"></a><p>SUNEE File Folders, 30 Pack Manilla Folders 8.5 x 11, Colored File Folders Home Office School Supplies for Documents Files Paper, 6 Assorted Colors</p><p> -26% 0FF </p><p>$9.99</p><a href="https://www.amazon.com/dp/B0D1YBFHS8?tag=eloabder-20&linkCode=osi&th=1&psc=1">View Product</a></div><div class="product"><a href="https://www.amazon.com/dp/B000DZ9XGO?tag=eloabder-20&linkCode=osi&th=1&psc=1"><img src="https://m.media-amazon.com/images/I/31WKzTB-4WL._SL500_.jpg" alt="Product Image"></a><p>Oxford Two-Pocket Folders, Assorted Colors, Letter Size, 25 per box (57513)</p><p> -32% 0FF </p><p>$12.23</p><a href="https://www.amazon.com/dp/B000DZ9XGO?tag=eloabder-20&linkCode=osi&th=1&psc=1">View Product</a></div><div class="product"><a href="https://www.amazon.com/dp/B0F8H75MLS?tag=eloabder-20&linkCode=osi&th=1&psc=1"><img src="https://m.media-amazon.com/images/I/41GV18+8+zL._SL500_.jpg" alt="Product Image"></a><p>Plastic Folders with Pockets, 6 Pack Document Folders with Business Card Slot, 2 Pocket Folders Back to School Supplies for Kids, Office</p><p> -33% 0FF </p><p>$5.99</p><a href="https://www.amazon.com/dp/B0F8H75MLS?tag=eloabder-20&linkCode=osi&th=1&psc=1">View Product</a></div><div class="product"><a href="https://www.amazon.com/dp/B0CPDTKFVF?tag=eloabder-20&linkCode=osi&th=1&psc=1"><img src="https://m.media-amazon.com/images/I/41PQ8ToLyhL._SL500_.jpg" alt="Product Image"></a><p>Aegero Plastic Folders with Pockets (7 Pack, Assorted Colors), Durable Heavy Duty File Folders with Business Card Slot, 2-Pocket Folder for Schoolwork & Office,Letter Size…</p><p> -11% 0FF </p><p>$7.99</p><a href="https://www.amazon.com/dp/B0CPDTKFVF?tag=eloabder-20&linkCode=osi&th=1&psc=1">View Product</a></div>
<div class="product"><a href="https://www.amazon.com/dp/B0CSPT4RFH?tag=eloabder-20&linkCode=osi&th=1&psc=1"><img src="https://m.media-amazon.com/images/I/31O8kdFg7FL._SL500_.jpg" alt="Product Image"></a><p>Two Tone Color File Folders 8.5 x 11 Inch, 1/3 Cut Tab File Folders Letter Size, Assorted Colors, Blue Red Green Yellow Orange Manila File Folders, School Business Office Folders for Document -15 Pack</p><p> -13% 0FF </p><p>$6.99</p><a href="https://www.amazon.com/dp/B0CSPT4RFH?tag=eloabder-20&linkCode=osi&th=1&psc=1">View Product</a></div><div class="product"><a href="https://www.amazon.com/dp/B01MXC0YS5?tag=eloabder-20&linkCode=osi&th=1&psc=1"><img src="https://m.media-amazon.com/images/I/41YLerNwKTL._SL500_.jpg" alt="Product Image"></a><p>Pendaflex Hanging File Folders, Letter Size, Assorted Colors, 1/5-Cut Adjustable Tabs, 25 Per Box (81663)</p><p> -7% 0FF </p><p>$13.99</p><a href="https://www.amazon.com/dp/B01MXC0YS5?tag=eloabder-20&linkCode=osi&th=1&psc=1">View Product</a></div><div class="product"><a href="https://www.amazon.com/dp/B0896Q5MMC?tag=eloabder-20&linkCode=osi&th=1&psc=1"><img src="https://m.media-amazon.com/images/I/41jDOLSqtWL._SL500_.jpg" alt="Product Image"></a><p>Pendaflex Two Tone Color File Folders, Letter Size, Assorted Colors (Teal, Violet, Gray, Navy and Burgundy), 1/3-Cut Tabs, 5 Color, 100/Box, (02315)</p><p> -27% 0FF </p><p>$13.89</p><a href="https://www.amazon.com/dp/B0896Q5MMC?tag=eloabder-20&linkCode=osi&th=1&psc=1">View Product</a></div><div class="product"><a href="https://www.amazon.com/dp/B0D1YCC6KK?tag=eloabder-20&linkCode=osi&th=1&psc=1"><img src="https://m.media-amazon.com/images/I/31aHHvZVc+L._SL500_.jpg" alt="Product Image"></a><p>SUNEE File Folders, 30 Pack Manilla Folders 8.5 x 11, Colored File Folders Home Office School Supplies for Documents Files Paper,6 Pastel Colors</p><p> -26% 0FF </p><p>$9.99</p><a href="https://www.amazon.com/dp/B0D1YCC6KK?tag=eloabder-20&linkCode=osi&th=1&psc=1">View Product</a></div>
<div class="product"><a href="https://www.amazon.com/dp/B0FGXLHFDD?tag=eloabder-20&linkCode=osi&th=1&psc=1"><img src="https://m.media-amazon.com/images/I/414ng1TKsOL._SL500_.jpg" alt="Product Image"></a><p>Trandraft Plastic Extra Capacity Hanging File Folders, 5 Inch Expanding Pocket with Movable Dividers, Letter Size Black File Folders with Insertable Tabs for Filing Cabine</p><p> -5% 0FF </p><p>$18.99</p><a href="https://www.amazon.com/dp/B0FGXLHFDD?tag=eloabder-20&linkCode=osi&th=1&psc=1">View Product</a></div><div class="product"><a href="https://www.amazon.com/dp/B08QTW4GJT?tag=eloabder-20&linkCode=osi&th=1&psc=1"><img src="https://m.media-amazon.com/images/I/41OVgNttdnL._SL500_.jpg" alt="Product Image"></a><p>Pendaflex Reinforced Hanging Folders, Letter Size, Assorted Colors 1/5 Cut, Tabs and Inserts, 25 Per Box (41522AMZ)</p><p> -32% 0FF </p><p>$13.99</p><a href="https://www.amazon.com/dp/B08QTW4GJT?tag=eloabder-20&linkCode=osi&th=1&psc=1">View Product</a></div><div class="product"><a href="https://www.amazon.com/dp/B07Y67ZCJS?tag=eloabder-20&linkCode=osi&th=1&psc=1"><img src="https://m.media-amazon.com/images/I/51g37Wkw2CL._SL500_.jpg" alt="Product Image"></a><p>EASEPRES 5 Pocket Mesh Hanging Wall File Organizer, Wall Mounted Mail Paper Document Folder Holder, Clipboard Storage Organization Magazine Rack with Nametag Label for Office Home School, Black</p><p> -30% 0FF </p><p>$22.99</p><a href="https://www.amazon.com/dp/B07Y67ZCJS?tag=eloabder-20&linkCode=osi&th=1&psc=1">View Product</a></div><div class="product"><a href="https://www.amazon.com/dp/B0CGWNNBCV?tag=eloabder-20&linkCode=osi&th=1&psc=1"><img src="https://m.media-amazon.com/images/I/31SGzCfPDcL._SL500_.jpg" alt="Product Image"></a><p>SUNEE 25 Count Hanging File Folders, Pastel Colors, Hanging File Folders Letter Size, Hanging Folders with 1/5-cut Tabs, Designed for Bulky Files, Filing Cabinets, Medical Charts</p><p> -15% 0FF </p><p>$16.99</p><a href="https://www.amazon.com/dp/B0CGWNNBCV?tag=eloabder-20&linkCode=osi&th=1&psc=1">View Product</a></div><div class="product"><a href="https://www.amazon.com/dp/B00006IF4G?tag=eloabder-20&linkCode=osi&th=1&psc=1"><img src="https://m.media-amazon.com/images/I/31LuYqWSObL._SL500_.jpg" alt="Product Image"></a><p>Smead Standard Hanging File Folders, 25 Count, Assorted Primaries, 1/5-Cut Adjustable Tabs, Letter Size (64059)</p><p> -7% 0FF </p><p>$13.55</p><a href="https://www.amazon.com/dp/B00006IF4G?tag=eloabder-20&linkCode=osi&th=1&psc=1">View Product</a></div>
<div class="product"><a href="https://www.amazon.com/dp/B0C77GP9XB?tag=eloabder-20&linkCode=osi&th=1&psc=1"><img src="https://m.media-amazon.com/images/I/415Jszg3LKL._SL500_.jpg" alt="Product Image"></a><p>SKYDUE Expanding File Organizer with 8 Pockets, Accordion File Folders with Labels, Portable Document Paper Bill Receipt Organizer, Home College School Office Supplies, Letter Size, Blue</p><p> -13% 0FF </p><p>$6.98</p><a href="https://www.amazon.com/dp/B0C77GP9XB?tag=eloabder-20&linkCode=osi&th=1&psc=1">View Product</a></div><div class="product"><a href="https://www.amazon.com/dp/B0013CETUQ?tag=eloabder-20&linkCode=osi&th=1&psc=1"><img src="https://m.media-amazon.com/images/I/51GxTzd4XbL._SL500_.jpg" alt="Product Image"></a><p>Pendaflex R217DHD Heavy-Duty Expanding Open Top File, 31 Pockets, 1/3 Tab, Letter, Brown</p><p> -36% 0FF </p><p>$15.90</p><a href="https://www.amazon.com/dp/B0013CETUQ?tag=eloabder-20&linkCode=osi&th=1&psc=1">View Product</a></div><div class="product"><a href="https://www.amazon.com/dp/B000UHJCZC?tag=eloabder-20&linkCode=osi&th=1&psc=1"><img src="https://m.media-amazon.com/images/I/31bbG1gUU2L._SL500_.jpg" alt="Product Image"></a><p>Pendaflex Expanding File Pockets, Letter Size, Redrope, 3.5" Expansion, Reinforced with DuPont™ Tyvek® Material, Redrope, 25 per Box (1524E-OX)</p><p> -9% 0FF </p><p>$27.37</p><a href="https://www.amazon.com/dp/B000UHJCZC?tag=eloabder-20&linkCode=osi&th=1&psc=1">View Product</a></div><div class="product"><a href="https://www.amazon.com/dp/B000FD9YHM?tag=eloabder-20&linkCode=osi&th=1&psc=1"><img src="https://m.media-amazon.com/images/I/511Yz6zbRaL._SL500_.jpg" alt="Product Image"></a><p>Pendaflex Heavy Duty Expanding File with Extra-Thick Cover, Tyvek Reinforced Edges, 21 Pockets, A–Z Tabs, Elastic Cord Closure, Letter Size (R117ALHD),Brown</p><p> -14% 0FF </p><p>$14.99</p><a href="https://www.amazon.com/dp/B000FD9YHM?tag=eloabder-20&linkCode=osi&th=1&psc=1">View Product</a></div>
<div class="product"><a href="https://www.amazon.com/dp/B07GKPZDG4?tag=eloabder-20&linkCode=osi&th=1&psc=1"><img src="https://m.media-amazon.com/images/I/51sUuF8kU-L._SL500_.jpg" alt="Product Image"></a><p>Cardinal Economy 3 Ring Binder, 1.5 Inch, Presentation View, Black, Holds 350 Sheets, Nonstick, PVC Free, 4 Pack of Binders (79519)</p><p> -42% 0FF </p><p>$9.19</p><a href="https://www.amazon.com/dp/B07GKPZDG4?tag=eloabder-20&linkCode=osi&th=1&psc=1">View Product</a></div><div class="product"><a href="https://www.amazon.com/dp/B0BF57LL4V?tag=eloabder-20&linkCode=osi&th=1&psc=1"><img src="https://m.media-amazon.com/images/I/317fBolZ+4L._SL500_.jpg" alt="Product Image"></a><p>1-inch 3 Ring Binder with 2 Interior Pockets, 1'' Basic Binders Holds US Letter Size 8.5'' x 11'' Paper - Versatile Binders for Office, Home, and School Use, 6 Pack (White)</p><p> -15% 0FF </p><p>$24.64</p><a href="https://www.amazon.com/dp/B0BF57LL4V?tag=eloabder-20&linkCode=osi&th=1&psc=1">View Product</a></div><div class="product"><a href="https://www.amazon.com/dp/B0BXKQ7YTW?tag=eloabder-20&linkCode=osi&th=1&psc=1"><img src="https://m.media-amazon.com/images/I/416TyBdEZYL._SL500_.jpg" alt="Product Image"></a><p>SUNEE 3 Ring Binder 1 Inch 4 Pack, Clear View 1" Binders Three Ring PVC-Free (Fit 8.5x11 Inches) for School or Office Supplies, Assorted Pastel</p><p> -17% 0FF </p><p>$14.85</p><a href="https://www.amazon.com/dp/B0BXKQ7YTW?tag=eloabder-20&linkCode=osi&th=1&psc=1">View Product</a></div><div class="product"><a href="https://www.amazon.com/dp/B0D2ZF8FHZ?tag=eloabder-20&linkCode=osi&th=1&psc=1"><img src="https://m.media-amazon.com/images/I/31smaJgK7vL._SL500_.jpg" alt="Product Image"></a><p>BinderX Extra Durable 3 Ring Binder, Round Rings 1 Inch Binder, Fits 175 Sheets of 8.5x11 Paper, Customizable View Cover with Inside Pockets, Cute 1" Binders, 1 Inch Binders 3 Ring, Pink</p><p> -36% 0FF </p><p>$8.99</p><a href="https://www.amazon.com/dp/B0D2ZF8FHZ?tag=eloabder-20&linkCode=osi&th=1&psc=1">View Product</a></div><div class="product"><a href="https://www.amazon.com/dp/B001B0GJDU?tag=eloabder-20&linkCode=osi&th=1&psc=1"><img src="https://m.media-amazon.com/images/I/41vpkaYBqsL._SL500_.jpg" alt="Product Image"></a><p>Avery Heavy-Duty View 3 Ring Binder, 1" One Touch Slant Rings, Holds 8.5" x 11" Paper, 1 Black Binder (05300)</p><p> -46% 0FF </p><p>$5.89</p><a href="https://www.amazon.com/dp/B001B0GJDU?tag=eloabder-20&linkCode=osi&th=1&psc=1">View Product</a></div>
<div class="product"><a href="https://www.amazon.com/dp/B092CM3KVX?tag=eloabder-20&linkCode=osi&th=1&psc=1"><img src="https://m.media-amazon.com/images/I/51kltWaLgmL._SL500_.jpg" alt="Product Image"></a><p>Avery Write & Erase Dividers for 3 Ring Binders, 8 Tabs per Set, Multicolor Big Tabs, Pastels, Binder Dividers Great for Organizing Reports, Projects, and More (16271)</p><p> -31% 0FF </p><p>$3.90</p><a href="https://www.amazon.com/dp/B092CM3KVX?tag=eloabder-20&linkCode=osi&th=1&psc=1">View Product</a></div><div class="product"><a href="https://www.amazon.com/dp/B08WBYPVGJ?tag=eloabder-20&linkCode=osi&th=1&psc=1"><img src="https://m.media-amazon.com/images/I/31NPQ52TfAL._SL500_.jpg" alt="Product Image"></a><p>Oxford Blank Write On Binder Dividers, 1/5 Cut Tabs, 3 Hole Punch Dividers in 5 Tab Sets, 100 Dividers, 20 Sets, White (89981)</p><p> -5% 0FF </p><p>$15.19</p><a href="https://www.amazon.com/dp/B08WBYPVGJ?tag=eloabder-20&linkCode=osi&th=1&psc=1">View Product</a></div><div class="product"><a href="https://www.amazon.com/dp/B0CZL39ZHS?tag=eloabder-20&linkCode=osi&th=1&psc=1"><img src="https://m.media-amazon.com/images/I/41APO6LBeCL._SL500_.jpg" alt="Product Image"></a><p>Forvencer 8 Count Dividers with Two Pockets, 8 tabs Binder Dividers for 3 Ring Binder Organizer, Multicolor, 1 Set</p><p> -25% 0FF </p><p>$5.99</p><a href="https://www.amazon.com/dp/B0CZL39ZHS?tag=eloabder-20&linkCode=osi&th=1&psc=1">View Product</a></div><div class="product"><a href="https://www.amazon.com/dp/B01FKMCNL6?tag=eloabder-20&linkCode=osi&th=1&psc=1"><img src="https://m.media-amazon.com/images/I/510vgT9G85L._SL500_.jpg" alt="Product Image"></a><p>Avery Binder Dividers - 5-Tab Insertable Multicolor Big Tabs for Binders, 6 Sets of Dividers (11109)</p><p> -11% 0FF </p><p>$5.78</p><a href="https://www.amazon.com/dp/B01FKMCNL6?tag=eloabder-20&linkCode=osi&th=1&psc=1">View Product</a></div><div class="product"><a href="https://www.amazon.com/dp/B0CQ4YNHX8?tag=eloabder-20&linkCode=osi&th=1&psc=1"><img src="https://m.media-amazon.com/images/I/315hb+NtGGL._SL500_.jpg" alt="Product Image"></a><p>Binder Dividers for 3 Ring Binder, 1/5 Cut Tabs, Letter Size, Blank Write On Page Dividers with 5 Big Tabs for School Office Home, 4 Sets, 20 Dividers, White</p><p> -14% 0FF </p><p>$5.98</p><a href="https://www.amazon.com/dp/B0CQ4YNHX8?tag=eloabder-20&linkCode=osi&th=1&psc=1">View Product</a></div><div class="product"><a href="https://www.amazon.com/dp/B01HC4KIVW?tag=eloabder-20&linkCode=osi&th=1&psc=1"><img src="https://m.media-amazon.com/images/I/412g1OcKv-L._SL500_.jpg" alt="Product Image"></a><p>Avery Big Tab Write & Erase Durable Plastic Dividers for 3 Ring Binders, 8-Tab Set, Bright Multicolor, 1 Set (16130)</p><p> -23% 0FF </p><p>$4.33</p><a href="https://www.amazon.com/dp/B01HC4KIVW?tag=eloabder-20&linkCode=osi&th=1&psc=1">View Product</a></div><div class="product"><a href="https://www.amazon.com/dp/B0000AQOB0?tag=eloabder-20&linkCode=osi&th=1&psc=1"><img src="https://m.media-amazon.com/images/I/51ek4ZNke4L._SL500_.jpg" alt="Product Image"></a><p>Avery 12 Tab Dividers for 3 Ring Binders, Customizable Table of Contents, Multicolor Tabs, 6 Sets (11196)</p><p> -36% 0FF </p><p>$17.99</p><a href="https://www.amazon.com/dp/B0000AQOB0?tag=eloabder-20&linkCode=osi&th=1&psc=1">View Product</a></div>
<div class="product"><a href="https://www.amazon.com/dp/B07R795LTM?tag=eloabder-20&linkCode=osi&th=1&psc=1"><img src="https://m.media-amazon.com/images/I/31OAmU6E5kL._SL500_.jpg" alt="Product Image"></a><p>Amazon Basics Polypropylene (PP) Sheet Protector, Non-Glare, 200 Pack, Clear</p><p> -13% 0FF </p><p>$10.40</p><a href="https://www.amazon.com/dp/B07R795LTM?tag=eloabder-20&linkCode=osi&th=1&psc=1">View Product</a></div><div class="product"><a href="https://www.amazon.com/dp/B0D62ZBV24?tag=eloabder-20&linkCode=osi&th=1&psc=1"><img src="https://m.media-amazon.com/images/I/41n9XbYoyhL._SL500_.jpg" alt="Product Image"></a><p>Aegero 65 Pack Clear Sheet Protectors, 8.5 x 11 inch Page Protectors for 3 Ring Binder,Top Loading Paper Protector for Documents and Photos,Letter Size</p><p> -20% 0FF </p><p>$3.99</p><a href="https://www.amazon.com/dp/B0D62ZBV24?tag=eloabder-20&linkCode=osi&th=1&psc=1">View Product</a></div><div class="product"><a href="https://www.amazon.com/dp/B08CMG5MCB?tag=eloabder-20&linkCode=osi&th=1&psc=1"><img src="https://m.media-amazon.com/images/I/410BZVBSLLL._SL500_.jpg" alt="Product Image"></a><p>Sheet Protectors, PANDRI 500 Pack Clear Heavy Duty Plastic Page Protectors Sheet Reinforced 11-Hole Fit for 3 Ring Binder Fits Standard 8.5 x 11 Paper, 9.25 x 11.25 Top Loaded, Excluding Acid</p><p> -15% 0FF </p><p>$22.94</p><a href="https://www.amazon.com/dp/B08CMG5MCB?tag=eloabder-20&linkCode=osi&th=1&psc=1">View Product</a></div><div class="product"><a href="https://www.amazon.com/dp/B0DZ6J73VW?tag=eloabder-20&linkCode=osi&th=1&psc=1"><img src="https://m.media-amazon.com/images/I/41NNzcs8bsL._SL500_.jpg" alt="Product Image"></a><p>TUOKCALB 50 Pack Clear Sheet Protectors for 3 Ring Binder, Polypropylene Acid-Free Material, 8.5 x 11 Inch Letter Size, Protector of Your Documents</p><p> -18% 0FF </p><p>$3.29</p><a href="https://www.amazon.com/dp/B0DZ6J73VW?tag=eloabder-20&linkCode=osi&th=1&psc=1">View Product</a></div><div class="product"><a href="https://www.amazon.com/dp/B0D294F9GZ?tag=eloabder-20&linkCode=osi&th=1&psc=1"><img src="https://m.media-amazon.com/images/I/41szN7I4ozL._SL500_.jpg" alt="Product Image"></a><p>Sheet Protectors 8.5 x11 Inch, 100 Pack Page Protectors for 3 Ring Binder, Top Loading Plastic Sleeves with Reinforced 3-Hole Punch for Binders, Letter Size, for Documents and Photos, Office Supplies.</p><p> -23% 0FF </p><p>$9.99</p><a href="https://www.amazon.com/dp/B0D294F9GZ?tag=eloabder-20&linkCode=osi&th=1&psc=1">View Product</a></div><div class="product"><a href="https://www.amazon.com/dp/B0D59XF4D3?tag=eloabder-20&linkCode=osi&th=1&psc=1"><img src="https://m.media-amazon.com/images/I/41EpBhN87iL._SL500_.jpg" alt="Product Image"></a><p>DOSEWART 70Pack Sheet Protectors, Clear Heavy Duty Plastic Page Protectors for 3 Ring Binder, Top Loading Sheet Protectors 8.5 x 11” for Photo, Paper, Document Protector</p><p> -43% 0FF </p><p>$3.99</p><a href="https://www.amazon.com/dp/B0D59XF4D3?tag=eloabder-20&linkCode=osi&th=1&psc=1">View Product</a></div>
<div class="product"><a href="https://www.amazon.com/dp/B000T9MP5U?tag=eloabder-20&linkCode=osi&th=1&psc=1"><img src="https://m.media-amazon.com/images/I/41zOycTbMML._SL500_.jpg" alt="Product Image"></a><p>Mead #10 Security Business Envelopes Letter Size 4-1/8" x 9-1/2" – Peel and Seal, Privacy Lined, No-Window, Press-It Seal-It Self-Adhesive for Home & Office Mailing, 45 Count (75026)</p><p> -13% 0FF </p><p>$3.57</p><a href="https://www.amazon.com/dp/B000T9MP5U?tag=eloabder-20&linkCode=osi&th=1&psc=1">View Product</a></div><div class="product"><a href="https://www.amazon.com/dp/B06VVLD2GL?tag=eloabder-20&linkCode=osi&th=1&psc=1"><img src="https://m.media-amazon.com/images/I/11zBoWnx9uL._SL500_.jpg" alt="Product Image"></a><p>Amazon Basics 10 Security-Tinted Self-Seal Business Letter Envelopes, Peel & Seal Adhesive Closure, White, 500-Pack</p><p> -5% 0FF </p><p>$18.04</p><a href="https://www.amazon.com/dp/B06VVLD2GL?tag=eloabder-20&linkCode=osi&th=1&psc=1">View Product</a></div><div class="product"><a href="https://www.amazon.com/dp/B07FMDV5LR?tag=eloabder-20&linkCode=osi&th=1&psc=1"><img src="https://m.media-amazon.com/images/I/41jTu3FDgaL._SL500_.jpg" alt="Product Image"></a><p>Quality Park #6 3/4 Self-Seal Security Envelopes, Security Tint and Pattern, Redi-Strip Closure, 24-lb White Wove, 3-5/8 x 6-1/2, 100/Box (QUA10417)</p><p> -23% 0FF </p><p>$4.99</p><a href="https://www.amazon.com/dp/B07FMDV5LR?tag=eloabder-20&linkCode=osi&th=1&psc=1">View Product</a></div>
<div class="product"><a href="https://www.amazon.com/dp/B00004Z5SM?tag=eloabder-20&linkCode=osi&th=1&psc=1"><img src="https://m.media-amazon.com/images/I/41LHX+FB2PL._SL500_.jpg" alt="Product Image"></a><p>Avery Easy Peel Printable Address Labels with Sure Feed, 1" x 2-5/8" Customizable Stickers, White, 750 Blank Mailing Labels, Great for Mailing, Shipping, and More (8160)</p><p> -48% 0FF </p><p>$8.99</p><a href="https://www.amazon.com/dp/B00004Z5SM?tag=eloabder-20&linkCode=osi&th=1&psc=1">View Product</a></div><div class="product"><a href="https://www.amazon.com/dp/B089LHX8Q6?tag=eloabder-20&linkCode=osi&th=1&psc=1"><img src="https://m.media-amazon.com/images/I/41+HcHENwbL._SL500_.jpg" alt="Product Image"></a><p>KKBESTPACK Half Sheet Shipping Labels for Laser and Inkjet Printers – 2 Per Page Self Adhesive Mailing Labels – White 8.5 x 5.5 (200 Labels) (2LP)</p><p> -10% 0FF </p><p>$9.86</p><a href="https://www.amazon.com/dp/B089LHX8Q6?tag=eloabder-20&linkCode=osi&th=1&psc=1">View Product</a></div><div class="product"><a href="https://www.amazon.com/dp/B001SN8ITI?tag=eloabder-20&linkCode=osi&th=1&psc=1"><img src="https://m.media-amazon.com/images/I/51vJip236KL._SL500_.jpg" alt="Product Image"></a><p>Avery Easy Peel Printable Address Labels with Sure Feed, 1" x 2-5/8" Customizable Stickers, White, 300 Blank Mailing Labels, Great for Mailing, Shipping, and More (18160)</p><p> -38% 0FF </p><p>$5.54</p><a href="https://www.amazon.com/dp/B001SN8ITI?tag=eloabder-20&linkCode=osi&th=1&psc=1">View Product</a></div><div class="product"><a href="https://www.amazon.com/dp/B0C2P8YTW2?tag=eloabder-20&linkCode=osi&th=1&psc=1"><img src="https://m.media-amazon.com/images/I/51EeHFqmTKL._SL500_.jpg" alt="Product Image"></a><p>FungLam 1" x 2-5/8" Shipping Address Labels 900 Label Stickers Paper for Laser/Inkjet Printer 30 per Page Printable Mailing Labels (30 Sheets, 900 Labels)</p><p> -25% 0FF </p><p>$5.99</p><a href="https://www.amazon.com/dp/B0C2P8YTW2?tag=eloabder-20&linkCode=osi&th=1&psc=1">View Product</a></div>
<div class="product"><a href="https://www.amazon.com/dp/B07X41JJXB?tag=eloabder-20&linkCode=osi&th=1&psc=1"><img src="https://m.media-amazon.com/images/I/31V4rpfdGtL._SL500_.jpg" alt="Product Image"></a><p>KKBESTPACK 100 Large Poly Mailers 10x13 Shipping Bags for Small Business – Self Sealing Package Envelopes (10 x 13 Pack of 100, Black)</p><p> -10% 0FF </p><p>$8.94 ($0.09 / Count)</p><a href="https://www.amazon.com/dp/B07X41JJXB?tag=eloabder-20&linkCode=osi&th=1&psc=1">View Product</a></div><div class="product"><a href="https://www.amazon.com/dp/B08C9T3997?tag=eloabder-20&linkCode=osi&th=1&psc=1"><img src="https://m.media-amazon.com/images/I/41CMEDIsQEL._SL500_.jpg" alt="Product Image"></a><p>Anylabel 2" x 3" Fragile Stickers for Shipping and Moving Please Handle with Care Fragile Thank You Do Not Drop, Warning Stickers Fragile Labels, Permanent Adhesive(500 Labels, 1 Roll)</p><p> -33% 0FF </p><p>$5.99</p><a href="https://www.amazon.com/dp/B08C9T3997?tag=eloabder-20&linkCode=osi&th=1&psc=1">View Product</a></div>

<div class="product"><a href="https://www.amazon.com/dp/B07S1JPBL3?tag=eloabder-20&linkCode=osi&th=1&psc=1"><img src="https://m.media-amazon.com/images/I/31f-QQIYroL._SL500_.jpg" alt="Product Image"></a><p>Amazon Basics Bubble Cushioning Wrap Packing Material for Fragile Items, Perforated, 12 inch x 175 ft Long Roll, Small 3/16", Clear</p><p> -6% 0FF </p><p>$21.99</p><a href="https://www.amazon.com/dp/B07S1JPBL3?tag=eloabder-20&linkCode=osi&th=1&psc=1">View Product</a></div><div class="product"><a href="https://www.amazon.com/dp/B0829D1D7V?tag=eloabder-20&linkCode=osi&th=1&psc=1"><img src="https://m.media-amazon.com/images/I/41azI2zaEYL._SL500_.jpg" alt="Product Image"></a><p>Bubble Cushioning Wrap Rolls, 3/16" x 12" x 72' ft Total [2 Rolls of 36 Feet] Perforated Every 12", 20 Fragile Stickers for Packaging, Shipping, Mailing</p><p> -14% 0FF </p><p>$18.99 ($9.50 / Count)</p><a href="https://www.amazon.com/dp/B0829D1D7V?tag=eloabder-20&linkCode=osi&th=1&psc=1">View Product</a></div><div class="product"><a href="https://www.amazon.com/dp/B011TB3UF0?tag=eloabder-20&linkCode=osi&th=1&psc=1"><img src="https://m.media-amazon.com/images/I/413RZYGr8kL._SL500_.jpg" alt="Product Image"></a><p>Duck Brand Bubble Wrap Original Protective Packaging, 12 Inches Wide x 30-Feet Long, Single Roll (393251), Clear</p><p> -26% 0FF </p><p>$8.85 ($0.30 / Sq Ft)</p><a href="https://www.amazon.com/dp/B011TB3UF0?tag=eloabder-20&linkCode=osi&th=1&psc=1">View Product</a></div>
<div class="product"><a href="https://www.amazon.com/dp/B016CV811U?tag=eloabder-20&linkCode=osi&th=1&psc=1"><img src="https://m.media-amazon.com/images/I/21hieSulLcL._SL500_.jpg" alt="Product Image"></a><p>MFLABEL Half Sheet Shipping Labels - 200 Self Adhesive Sticker Sheets for Laser & Inkjet Printers, Waterproof & Smudge-Free, with 12 Free Fragile Labels for Packaging, Shipping and Crafting</p><p> -5% 0FF </p><p>$9.49</p><a href="https://www.amazon.com/dp/B016CV811U?tag=eloabder-20&linkCode=osi&th=1&psc=1">View Product</a></div><div class="product"><a href="https://www.amazon.com/dp/B000093IJY?tag=eloabder-20&linkCode=osi&th=1&psc=1"><img src="https://m.media-amazon.com/images/I/51QdWTqr3AL._SL500_.jpg" alt="Product Image"></a><p>Avery Printable Shipping Labels with Sure Feed, 3-1/3" x 4", White, 150 Blank Mailing Labels (5264)</p><p> -20% 0FF </p><p>$13.62</p><a href="https://www.amazon.com/dp/B000093IJY?tag=eloabder-20&linkCode=osi&th=1&psc=1">View Product</a></div>
<div class="product"><a href="https://www.amazon.com/dp/B0B41X9SMT?tag=eloabder-20&linkCode=osi&th=1&psc=1"><img src="https://m.media-amazon.com/images/I/41CPFzKfW6L._SL500_.jpg" alt="Product Image"></a><p>Primy Drafting Chair Tall Office Chair with Flip-up Armrests Executive Ergonomic Computer Standing Desk Chair with Lumbar Support and Adjustable Footrest Ring (Black)</p><p> -16% 0FF </p><p>$108.96</p><a href="https://www.amazon.com/dp/B0B41X9SMT?tag=eloabder-20&linkCode=osi&th=1&psc=1">View Product</a></div><div class="product"><a href="https://www.amazon.com/dp/B0BFQX3YFY?tag=eloabder-20&linkCode=osi&th=1&psc=1"><img src="https://m.media-amazon.com/images/I/51+-fixEMUL._SL500_.jpg" alt="Product Image"></a><p>BlissTrends Foot Rest for Under Desk at Work-Versatile Foot Stool with Washable Cover-Comfortable Footrest with 2 Adjustable Heights for Car,Home and Office to Relieve Back,Lumbar,Knee Pain-Black</p><p> -39% 0FF </p><p>$18.99</p><a href="https://www.amazon.com/dp/B0BFQX3YFY?tag=eloabder-20&linkCode=osi&th=1&psc=1">View Product</a></div>
<div class="product"><a href="https://www.amazon.com/dp/B0CT8ZJ7ZC?tag=eloabder-20&linkCode=osi&th=1&psc=1"><img src="https://m.media-amazon.com/images/I/311UeVa48fL._SL500_.jpg" alt="Product Image"></a><p>HP OfficeJet Pro 8125e Wireless All-in-One Color Inkjet Printer, Print, scan, Copy, ADF, Duplex Printing Best-for-Home Office, 3 Month Instant Ink Trial Included, AI-Enabled (405T6A)</p><p> -21% 0FF </p><p>$109.99</p><a href="https://www.amazon.com/dp/B0CT8ZJ7ZC?tag=eloabder-20&linkCode=osi&th=1&psc=1">View Product</a></div><div class="product"><a href="https://www.amazon.com/dp/B0F1NJ75D5?tag=eloabder-20&linkCode=osi&th=1&psc=1"><img src="https://m.media-amazon.com/images/I/31pX+mOBu5L._SL500_.jpg" alt="Product Image"></a><p>HP DeskJet 2827e Wireless All-in-One Color Inkjet Printer, Scanner, Copier, Best-for-Home, 3 Month Instant Ink Trial Included, AI-Enabled (6W7F5A)</p><p> -41% 0FF </p><p>$49.99</p><a href="https://www.amazon.com/dp/B0F1NJ75D5?tag=eloabder-20&linkCode=osi&th=1&psc=1">View Product</a></div><div class="product"><a href="https://www.amazon.com/dp/B096N8DN2H?tag=eloabder-20&linkCode=osi&th=1&psc=1"><img src="https://m.media-amazon.com/images/I/316Ru3Zv4bL._SL500_.jpg" alt="Product Image"></a><p>Epson EcoTank ET-2800 Wireless Color All-in-One Cartridge-Free Supertank Printer with Scan and Copy â€“ The Ideal Basic Home Printer - Black, Medium</p><p> -25% 0FF </p><p>$179.99</p><a href="https://www.amazon.com/dp/B096N8DN2H?tag=eloabder-20&linkCode=osi&th=1&psc=1">View Product</a></div><div class="product"><a href="https://www.amazon.com/dp/B0FGC43YCL?tag=eloabder-20&linkCode=osi&th=1&psc=1"><img src="https://m.media-amazon.com/images/I/41LqmhjzXHL._SL500_.jpg" alt="Product Image"></a><p>Brother Work Smart 1360 Wireless Color Inkjet All-in-One Printer with Automatic Duplex Printing and 1.8” Color Display | Includes Refresh Subscription Trial(1) (MFC-J1360DW) (Uses LC501 Series Inks)</p><p> -18% 0FF </p><p>$89.99</p><a href="https://www.amazon.com/dp/B0FGC43YCL?tag=eloabder-20&linkCode=osi&th=1&psc=1">View Product</a></div><div class="product"><a href="https://www.amazon.com/dp/B0D1DV6FV5?tag=eloabder-20&linkCode=osi&th=1&psc=1"><img src="https://m.media-amazon.com/images/I/31-ZgpCGxiL._SL500_.jpg" alt="Product Image"></a><p>Canon PIXMA TS3720 Wireless All-in-One Printer (6671C022)</p><p> -38% 0FF </p><p>$54.00</p><a href="https://www.amazon.com/dp/B0D1DV6FV5?tag=eloabder-20&linkCode=osi&th=1&psc=1">View Product</a></div><div class="product"><a href="https://www.amazon.com/dp/B0BSMSYM9N?tag=eloabder-20&linkCode=osi&th=1&psc=1"><img src="https://m.media-amazon.com/images/I/31jPKfRqWSL._SL500_.jpg" alt="Product Image"></a><p>Canon MegaTank G3270 All-in-One Wireless Inkjet Printer. for Home Use, Print, Scan and Copy</p><p> -36% 0FF </p><p>$159.99</p><a href="https://www.amazon.com/dp/B0BSMSYM9N?tag=eloabder-20&linkCode=osi&th=1&psc=1">View Product</a></div>
<div class="product"><a href="https://www.amazon.com/dp/B0010JEJPC?tag=eloabder-20&linkCode=osi&th=1&psc=1"><img src="https://m.media-amazon.com/images/I/41O8Dj93QSL._SL500_.jpg" alt="Product Image"></a><p>Scotch TL901X Thermal Laminator, 1 Laminating Machine, Gray, Laminate School Assignments and Documents, for Dorm Room or School Supplies, 9 in.</p><p> -8% 0FF </p><p>$36.67</p><a href="https://www.amazon.com/dp/B0010JEJPC?tag=eloabder-20&linkCode=osi&th=1&psc=1">View Product</a></div><div class="product"><a href="https://www.amazon.com/dp/B0FRY6Z23J?tag=eloabder-20&linkCode=osi&th=1&psc=1"><img src="https://m.media-amazon.com/images/I/510BRY6bwzL._SL500_.jpg" alt="Product Image"></a><p>A3 Laminator Machine,13 Inch 9-in-1 Laminating Machine with Laminating Sheets,Thermal Laminator Hot & Cold with Fast Warm Technology for Home,Office or School Supplies(Black)</p><p> -80% 0FF </p><p>$49.99</p><a href="https://www.amazon.com/dp/B0FRY6Z23J?tag=eloabder-20&linkCode=osi&th=1&psc=1">View Product</a></div><div class="product"><a href="https://www.amazon.com/dp/B00CLV8ZIU?tag=eloabder-20&linkCode=osi&th=1&psc=1"><img src="https://m.media-amazon.com/images/I/414Ubx6GcML._SL500_.jpg" alt="Product Image"></a><p>Scotch PRO TL906 Thermal, Laminator Machine, 1 Laminating Device, White/Blue, Laminate Recipe Cards, Photos, Documents, for Home, Office, or School Supplies, 9 in</p><p> -42% 0FF </p><p>$43.80</p><a href="https://www.amazon.com/dp/B00CLV8ZIU?tag=eloabder-20&linkCode=osi&th=1&psc=1">View Product</a></div><div class="product"><a href="https://www.amazon.com/dp/B0CGC1WTV1?tag=eloabder-20&linkCode=osi&th=1&psc=1"><img src="https://m.media-amazon.com/images/I/41znZqCgzkL._SL500_.jpg" alt="Product Image"></a><p>Scotch Thermal Laminator, Extra Wide 13 Inch Input, Ideal for Teachers, Small Offices, or Home (TL1302X)</p><p> -24% 0FF </p><p>$47.58</p><a href="https://www.amazon.com/dp/B0CGC1WTV1?tag=eloabder-20&linkCode=osi&th=1&psc=1">View Product</a></div><div class="product"><a href="https://www.amazon.com/dp/B0FFSRRYQQ?tag=eloabder-20&linkCode=osi&th=1&psc=1"><img src="https://m.media-amazon.com/images/I/41n+2Vb8m2L._SL500_.jpg" alt="Product Image"></a><p>Laminator Machine, A4 Laminators Hot & Cold with 20 Laminating Sheets and Trimmer, 9 Inch Laminating Machine for Office, School, Business and Home</p><p> -57% 0FF </p><p>$29.99</p><a href="https://www.amazon.com/dp/B0FFSRRYQQ?tag=eloabder-20&linkCode=osi&th=1&psc=1">View Product</a></div><div class="product"><a href="https://www.amazon.com/dp/B007VBXB48?tag=eloabder-20&linkCode=osi&th=1&psc=1"><img src="https://m.media-amazon.com/images/I/41h-uQWFewL._SL500_.jpg" alt="Product Image"></a><p>Scotch Thermal Laminating Pouches, for Use with Thermal Laminators, 8.9 x 11.4 Inches, Letter Size Sheets, 100-Pack</p><p> -43% 0FF </p><p>$11.37</p><a href="https://www.amazon.com/dp/B007VBXB48?tag=eloabder-20&linkCode=osi&th=1&psc=1">View Product</a></div>

<div class="product"><a href="https://www.amazon.com/dp/B0033J6V3A?tag=eloabder-20&linkCode=osi&th=1&psc=1"><img src="https://m.media-amazon.com/images/I/21o5ASbichL._SL500_.jpg" alt="Product Image"></a><p>NuSparc 2 Drawer Locking Filing Cabinet | Pre-Assembled Steel Construction | Space-Saving Design is Perfect for Home and Small Office | Letter-Size | Assembled in North America</p><p> -14% 0FF </p><p>$76.99</p><a href="https://www.amazon.com/dp/B0033J6V3A?tag=eloabder-20&linkCode=osi&th=1&psc=1">View Product</a></div><div class="product"><a href="https://www.amazon.com/dp/B0D9XYD75W?tag=eloabder-20&linkCode=osi&th=1&psc=1"><img src="https://m.media-amazon.com/images/I/31VM3xK++PL._SL500_.jpg" alt="Product Image"></a><p>BYNSOE 2 Drawer File Cabinet with Lock Vertical Filing Storage Cabinet Office Home Steel Vertical File Cabinets for Letter Size File Cabinet Locked,Assembly Required</p><p> -8% 0FF </p><p>$54.99</p><a href="https://www.amazon.com/dp/B0D9XYD75W?tag=eloabder-20&linkCode=osi&th=1&psc=1">View Product</a></div><div class="product"><a href="https://www.amazon.com/dp/B0989HLF81?tag=eloabder-20&linkCode=osi&th=1&psc=1"><img src="https://m.media-amazon.com/images/I/51vzgnkbcjL._SL500_.jpg" alt="Product Image"></a><p>DEVAISE 3 Drawer Mobile File Cabinet, Wood Lateral Filing Cabinet, Printer Stand with Open Shelves for Home Office, Rustic Brown</p><p> -21% 0FF </p><p>$74.99</p><a href="https://www.amazon.com/dp/B0989HLF81?tag=eloabder-20&linkCode=osi&th=1&psc=1">View Product</a></div>
<div class="product"><a href="https://www.amazon.com/dp/B00006RSQD?tag=eloabder-20&linkCode=osi&th=1&psc=1"><img src="https://m.media-amazon.com/images/I/315rez3KpeL._SL500_.jpg" alt="Product Image"></a><p>Bush Business Furniture Series C 36W Tall 5 Shelf Bookcase in Hansen Cherry, Large Storage and Display Bookshelf for Home or Professional Office</p><p> -8% 0FF </p><p>$239.49</p><a href="https://www.amazon.com/dp/B00006RSQD?tag=eloabder-20&linkCode=osi&th=1&psc=1">View Product</a></div>
<div class="product"><a href="https://www.amazon.com/dp/B09F6JPYSY?tag=eloabder-20&linkCode=osi&th=1&psc=1"><img src="https://m.media-amazon.com/images/I/51fGLH7lhHL._SL500_.jpg" alt="Product Image"></a><p>SPACELEAD Slim Storage Cart 3 Tier,Bathroom Organizer Rolling Utility,Mobile Shelving Unit Slide Out for Office, Kitchen, Laundry Room & Narrow Places,Black</p><p> -30% 0FF </p><p>$20.99</p><a href="https://www.amazon.com/dp/B09F6JPYSY?tag=eloabder-20&linkCode=osi&th=1&psc=1">View Product</a></div><div class="product"><a href="https://www.amazon.com/dp/B08KFTVGQY?tag=eloabder-20&linkCode=osi&th=1&psc=1"><img src="https://m.media-amazon.com/images/I/51BjUEmGaiL._SL500_.jpg" alt="Product Image"></a><p>SONGMICS Cube Storage Organizer, Set of 16 Plastic Cubes, Closet Organizers and Storage, Room Organization, Bedroom Living Room, 12.2 x 48.4 x 48.4 Inches, Rustic Brown ULPC442A01</p><p> -15% 0FF </p><p>$46.99</p><a href="https://www.amazon.com/dp/B08KFTVGQY?tag=eloabder-20&linkCode=osi&th=1&psc=1">View Product</a></div><div class="product"><a href="https://www.amazon.com/dp/B0DG359YX5?tag=eloabder-20&linkCode=osi&th=1&psc=1"><img src="https://m.media-amazon.com/images/I/41OBXL4HJdL._SL500_.jpg" alt="Product Image"></a><p>VIVO Clamp-on 13 inch Above or Below Desk 2-Tier Shelving Unit for Table Accessories, Gaming Devices, and More, Storage Tray, Desktop Organizer, Rustic Vintage Brown, STAND-SHELF2C-N</p><p> -20% 0FF </p><p>$39.99</p><a href="https://www.amazon.com/dp/B0DG359YX5?tag=eloabder-20&linkCode=osi&th=1&psc=1">View Product</a></div><div class="product"><a href="https://www.amazon.com/dp/B0D7S5GGP6?tag=eloabder-20&linkCode=osi&th=1&psc=1"><img src="https://m.media-amazon.com/images/I/51EriWG2BLL._SL500_.jpg" alt="Product Image"></a><p>C&AHOME Wire Cube Storage, 9 - Cube Organizer Metal C Grids, Modular Shelves Units, Closet Organizer, Ideal for Home, Office, Living Room, 36.6”L x 12.4”W x 48.4”H, Silver Gray UWCS3009G</p><p> -33% 0FF </p><p>$28.87</p><a href="https://www.amazon.com/dp/B0D7S5GGP6?tag=eloabder-20&linkCode=osi&th=1&psc=1">View Product</a></div>
<div class="product"><a href="https://www.amazon.com/dp/B0B1M6ML2J?tag=eloabder-20&linkCode=osi&th=1&psc=1"><img src="https://m.media-amazon.com/images/I/51pX2Qo38JL._SL500_.jpg" alt="Product Image"></a><p>WOWBOX 25 PCS Clear Plastic Drawer Organizer Set, 4 Sizes Desk Drawer Divider Organizers and Storage Bins for Makeup, Jewelry, Gadgets for Kitchen, Bedroom, Bathroom, Office</p><p> -35% 0FF </p><p>$16.13 ($0.65 / Count)</p><a href="https://www.amazon.com/dp/B0B1M6ML2J?tag=eloabder-20&linkCode=osi&th=1&psc=1">View Product</a></div><div class="product"><a href="https://www.amazon.com/dp/B0DB8F7GDN?tag=eloabder-20&linkCode=osi&th=1&psc=1"><img src="https://m.media-amazon.com/images/I/51iOtKHzvCL._SL500_.jpg" alt="Product Image"></a><p>OPNICE Desk Organizer and Accessories, 2-Tier Computer Monitor Stand Riser with Drawer and 2 Pen Holders, Laptop Stand, Office Desk Accessories for Office Supplies, Black</p><p> -27% 0FF </p><p>$21.99</p><a href="https://www.amazon.com/dp/B0DB8F7GDN?tag=eloabder-20&linkCode=osi&th=1&psc=1">View Product</a></div><div class="product"><a href="https://www.amazon.com/dp/B0FQ86P4M3?tag=eloabder-20&linkCode=osi&th=1&psc=1"><img src="https://m.media-amazon.com/images/I/41ZDdyGnPxL._SL500_.jpg" alt="Product Image"></a><p>Mind Reader 2-Tier Desk Organizer with Clamp, Accessory Shelf for Office or Gaming, Office, Metal, White</p><p> -5% 0FF </p><p>$37.99</p><a href="https://www.amazon.com/dp/B0FQ86P4M3?tag=eloabder-20&linkCode=osi&th=1&psc=1">View Product</a></div><div class="product"><a href="https://www.amazon.com/dp/B0BYDGF8DT?tag=eloabder-20&linkCode=osi&th=1&psc=1"><img src="https://m.media-amazon.com/images/I/51sE2GzgVNL._SL500_.jpg" alt="Product Image"></a><p>OPNICE Desk Organizer and Accessories, 4-Tier Desktop File Organizer with Drawer and 2 Pen Holders, Office Desk Accessories, Workspace Organizers for Office Supplies(Black)</p><p> -33% 0FF </p><p>$19.99</p><a href="https://www.amazon.com/dp/B0BYDGF8DT?tag=eloabder-20&linkCode=osi&th=1&psc=1">View Product</a></div><div class="product"><a href="https://www.amazon.com/dp/B0DJKSMV2T?tag=eloabder-20&linkCode=osi&th=1&psc=1"><img src="https://m.media-amazon.com/images/I/41gO3CCIg1L._SL500_.jpg" alt="Product Image"></a><p>gianotter Dual Monitor Stand Riser, Desk Organizer With Drawer and 2 Pen Holders, Computer Monitor Stand, Shelf for Top of Desk, Black</p><p> -28% 0FF </p><p>$25.99</p><a href="https://www.amazon.com/dp/B0DJKSMV2T?tag=eloabder-20&linkCode=osi&th=1&psc=1">View Product</a></div><div class="product"><a href="https://www.amazon.com/dp/B0BWTT3WK1?tag=eloabder-20&linkCode=osi&th=1&psc=1"><img src="https://m.media-amazon.com/images/I/51JTe2SjicL._SL500_.jpg" alt="Product Image"></a><p>gianotter Desk Organizers and Accessories with File Holder, 4-Tier Desk Accessories & Workspace Organizers with Drawer and 2 Pen Holder, Paper Organizer for Office Supplies (Rose Gold)</p><p> -27% 0FF </p><p>$23.99</p><a href="https://www.amazon.com/dp/B0BWTT3WK1?tag=eloabder-20&linkCode=osi&th=1&psc=1">View Product</a></div><div class="product"><a href="https://www.amazon.com/dp/B09QKDY1YY?tag=eloabder-20&linkCode=osi&th=1&psc=1"><img src="https://m.media-amazon.com/images/I/519UVM73B6L._SL500_.jpg" alt="Product Image"></a><p>Supeasy 5 Trays Paper Organizer Letter Tray with Handle-Mesh Desk File Organizer, Paper Sorter Desk Organizer for Office, Home or School</p><p> -17% 0FF </p><p>$19.99</p><a href="https://www.amazon.com/dp/B09QKDY1YY?tag=eloabder-20&linkCode=osi&th=1&psc=1">View Product</a></div><div class="product"><a href="https://www.amazon.com/dp/B08PBFKGJG?tag=eloabder-20&linkCode=osi&th=1&psc=1"><img src="https://m.media-amazon.com/images/I/61WfW0WLsqL._SL500_.jpg" alt="Product Image"></a><p>Marbrasse 6 Tier Paper Organizer Letter Tray - Mesh Desk File Organizer with Handle, Paper Sorter Organizer for Letter/A4 Office File Folder Holder - Black</p><p> -23% 0FF </p><p>$19.98</p><a href="https://www.amazon.com/dp/B08PBFKGJG?tag=eloabder-20&linkCode=osi&th=1&psc=1">View Product</a></div><div class="product"><a href="https://www.amazon.com/dp/B09K5927B5?tag=eloabder-20&linkCode=osi&th=1&psc=1"><img src="https://m.media-amazon.com/images/I/51u5tZ4jR6L._SL500_.jpg" alt="Product Image"></a><p>Marbrasse Desk Organizer with File Holder, 5-Tier Paper Letter Tray Organizer with Drawer and 2 Pen Holder, Mesh Desktop Organizer and Storage with Magazine Holder for Office Supplies(Black)</p><p> -24% 0FF </p><p>$33.99</p><a href="https://www.amazon.com/dp/B09K5927B5?tag=eloabder-20&linkCode=osi&th=1&psc=1">View Product</a></div>
<div class="product"><a href="https://www.amazon.com/dp/B0CNXF7SVS?tag=eloabder-20&linkCode=osi&th=1&psc=1"><img src="https://m.media-amazon.com/images/I/51a6EswyTZL._SL500_.jpg" alt="Product Image"></a><p>Manalete Drawer Organizers Set of 15, 4 Sizes Clear Plastic Drawer Organizers and Storage Bins for Kitchen, Bathroom, Office, Dresser Desk Drawer Organizer Tray for Jewelry, Makeup, Junk, Gadgets</p><p> -29% 0FF </p><p>$9.99</p><a href="https://www.amazon.com/dp/B0CNXF7SVS?tag=eloabder-20&linkCode=osi&th=1&psc=1">View Product</a></div><div class="product"><a href="https://www.amazon.com/dp/B0CCY5X6SS?tag=eloabder-20&linkCode=osi&th=1&psc=1"><img src="https://m.media-amazon.com/images/I/41Iye-vPXJL._SL500_.jpg" alt="Product Image"></a><p>Bamboo Drawer Organizer Set, 5 PCS Multi-Use Individual Wood Storage Organizers, Junk Drawer Divider and Storage Trays Containers for Kitchen, Bathroom, Office Desk, Makeup, Jewelry, Utensils</p><p> -20% 0FF </p><p>$19.99 ($4.00 / Count)</p><a href="https://www.amazon.com/dp/B0CCY5X6SS?tag=eloabder-20&linkCode=osi&th=1&psc=1">View Product</a></div><div class="product"><a href="https://www.amazon.com/dp/B0CCDJQ7MM?tag=eloabder-20&linkCode=osi&th=1&psc=1"><img src="https://m.media-amazon.com/images/I/51kU0WJxdsL._SL500_.jpg" alt="Product Image"></a><p>Marbrasse Expandable Desk Drawer Organizer, Mesh Drawer Organizer Tray with 10 Adjustable Compartments, Desk Organizers and Accessories, 5 Dividers Drawer for Office Supplies, Makeup & Vanity (Black)</p><p> -15% 0FF </p><p>$17.84</p><a href="https://www.amazon.com/dp/B0CCDJQ7MM?tag=eloabder-20&linkCode=osi&th=1&psc=1">View Product</a></div><div class="product"><a href="https://www.amazon.com/dp/B0DM27MBZN?tag=eloabder-20&linkCode=osi&th=1&psc=1"><img src="https://m.media-amazon.com/images/I/41hAfSMnrZL._SL500_.jpg" alt="Product Image"></a><p>ElegantArray 12 PCS Drawer Organizer Set, 4 Sizes Storage Drawer Units, Clear Plastic Makeup Vanity Organizer and Storage Bins for Makeup, Stationeries, Multiple Gadgets for Bathroom, Office, Bedroom</p><p> -31% 0FF </p><p>$8.99</p><a href="https://www.amazon.com/dp/B0DM27MBZN?tag=eloabder-20&linkCode=osi&th=1&psc=1">View Product</a></div>
<div class="product"><a href="https://www.amazon.com/dp/B0C4T42TPC?tag=eloabder-20&linkCode=osi&th=1&psc=1"><img src="https://m.media-amazon.com/images/I/318IsyAsPXL._SL500_.jpg" alt="Product Image"></a><p>Adjustable Mobile CPU Stand, Ventilated Computer Tower Stand with 4 Caster Wheels Fits Most PC Tower, Under Desk CPU Holder PC Floor Cart Computer Riser for Gamers and Students (Black)</p><p> -21% 0FF </p><p>$14.21</p><a href="https://www.amazon.com/dp/B0C4T42TPC?tag=eloabder-20&linkCode=osi&th=1&psc=1">View Product</a></div><div class="product"><a href="https://www.amazon.com/dp/B094QTGHNZ?tag=eloabder-20&linkCode=osi&th=1&psc=1"><img src="https://m.media-amazon.com/images/I/31VzBQ+jwWL._SL500_.jpg" alt="Product Image"></a><p>WALI Computer Monitor Stand for Desk, Adjustable Laptop Riser, Desk Monitor Stand Underneath Storage for Office, Home, School Supplies (STT003), 1 Pack, Black</p><p> -32% 0FF </p><p>$16.99</p><a href="https://www.amazon.com/dp/B094QTGHNZ?tag=eloabder-20&linkCode=osi&th=1&psc=1">View Product</a></div><div class="product"><a href="https://www.amazon.com/dp/B07H4DMLVH?tag=eloabder-20&linkCode=osi&th=1&psc=1"><img src="https://m.media-amazon.com/images/I/31eTfKhpSWL._SL500_.jpg" alt="Product Image"></a><p>HUANUO Monitor Stand, Monitor Stand Riser 3 Height Adjustable, Monitor Riser with Airflow Vents, Laptop Stand for Desk, Laptop Riser, Desk Organizer for Monitor, 15.6" Laptop, PC, Printer</p><p> -11% 0FF </p><p>$15.19</p><a href="https://www.amazon.com/dp/B07H4DMLVH?tag=eloabder-20&linkCode=osi&th=1&psc=1">View Product</a></div><div class="product"><a href="https://www.amazon.com/dp/B0D69W6H91?tag=eloabder-20&linkCode=osi&th=1&psc=1"><img src="https://m.media-amazon.com/images/I/51rQI+gi3lL._SL500_.jpg" alt="Product Image"></a><p>JANE EYRE Computer Tower Stand - Adjustable PC Tower Stand CPU Holder Cart with Charging Station for Office Home Classroom,23.03"-28.3" H, black</p><p> -10% 0FF </p><p>$53.99</p><a href="https://www.amazon.com/dp/B0D69W6H91?tag=eloabder-20&linkCode=osi&th=1&psc=1">View Product</a></div><div class="product"><a href="https://www.amazon.com/dp/B0C4T34L9Y?tag=eloabder-20&linkCode=osi&th=1&psc=1"><img src="https://m.media-amazon.com/images/I/51BNMGXNOEL._SL500_.jpg" alt="Product Image"></a><p>BONTEC Wooden Monitor Stand Riser, 2-Tier Desk Shelf with Storage Organizer, Ergonomic Computer Stand with Cable Management, Cellphone Holder, White, 16.5 Inch</p><p> -33% 0FF </p><p>$18.04</p><a href="https://www.amazon.com/dp/B0C4T34L9Y?tag=eloabder-20&linkCode=osi&th=1&psc=1">View Product</a></div><div class="product"><a href="https://www.amazon.com/dp/B08BRCT4JH?tag=eloabder-20&linkCode=osi&th=1&psc=1"><img src="https://m.media-amazon.com/images/I/41Ga6A+cXbL._SL500_.jpg" alt="Product Image"></a><p>BESIGN LS03 Aluminum Laptop Stand, Ergonomic Detachable Computer Stand, Notebook Riser Compatible with Air, Pro, Dell, HP, Lenovo More 10-15.6" Laptops, Silver</p><p> -25% 0FF </p><p>$14.98</p><a href="https://www.amazon.com/dp/B08BRCT4JH?tag=eloabder-20&linkCode=osi&th=1&psc=1">View Product</a></div>
<div class="product"><a href="https://www.amazon.com/dp/B07Q79ZZJ6?tag=eloabder-20&linkCode=osi&th=1&psc=1"><img src="https://m.media-amazon.com/images/I/31-LBzENQIL._SL500_.jpg" alt="Product Image"></a><p>Single LCD Computer Monitor Free-Standing Desk Stand Mount Riser for 13 inch to 32 inch screen with Swivel, Height Adjustable, Rotation, Vesa Base Stand Holds One (1) Screen up to 77Lbs(HT05B-001))</p><p> -34% 0FF </p><p>$21.99</p><a href="https://www.amazon.com/dp/B07Q79ZZJ6?tag=eloabder-20&linkCode=osi&th=1&psc=1">View Product</a></div><div class="product"><a href="https://www.amazon.com/dp/B082845XM8?tag=eloabder-20&linkCode=osi&th=1&psc=1"><img src="https://m.media-amazon.com/images/I/41uRH1B7HgL._SL500_.jpg" alt="Product Image"></a><p>Dual Monitor Stand - Vertical Stack Screen Free-Standing Monitor Riser Fits Two 13 to 34 Inch Screen with Swivel, Tilt, Height Adjustable, Holds One (1) Screen Up to 44Lbs</p><p> -5% 0FF </p><p>$31.56</p><a href="https://www.amazon.com/dp/B082845XM8?tag=eloabder-20&linkCode=osi&th=1&psc=1">View Product</a></div><div class="product"><a href="https://www.amazon.com/dp/B00X4SCCFG?tag=eloabder-20&linkCode=osi&th=1&psc=1"><img src="https://m.media-amazon.com/images/I/21X2klzUZGL._SL500_.jpg" alt="Product Image"></a><p>Amazon Basics Height Adjustable Rectangular Computer Monitor Riser Desk Stand with Storage for Reduced Neck Strain - Fits Monitors, Laptops Up to 22lbs, Black</p><p> -35% 0FF </p><p>$14.06</p><a href="https://www.amazon.com/dp/B00X4SCCFG?tag=eloabder-20&linkCode=osi&th=1&psc=1">View Product</a></div>
<div class="product"><a href="https://www.amazon.com/dp/B07HFDJCSL?tag=eloabder-20&linkCode=osi&th=1&psc=1"><img src="https://m.media-amazon.com/images/I/41DR7qY1naL._SL500_.jpg" alt="Product Image"></a><p>VIVO Large Keyboard Tray Under Desk Pull Out with Extra Sturdy C Clamp Mount System, 27 (33 Including Clamps) x 11 Inch Slide-Out Platform Computer Drawer for Typing, Black, MOUNT-KB05E</p><p> -17% 0FF </p><p>$49.99</p><a href="https://www.amazon.com/dp/B07HFDJCSL?tag=eloabder-20&linkCode=osi&th=1&psc=1">View Product</a></div><div class="product"><a href="https://www.amazon.com/dp/B082NKBM62?tag=eloabder-20&linkCode=osi&th=1&psc=1"><img src="https://m.media-amazon.com/images/I/41qQ3p9-mrL._SL500_.jpg" alt="Product Image"></a><p>HUANUO Keyboard Tray Under Desk, 360 Adjustable Ergonomic Sliding Keyboard & Mouse Tray, Under Desk Keyboard Tray Slide Out, Keyboard Holder Under Desk for Typing in Home, Office Work, 25"W x 9.84"D</p><p> -33% 0FF </p><p>$59.98</p><a href="https://www.amazon.com/dp/B082NKBM62?tag=eloabder-20&linkCode=osi&th=1&psc=1">View Product</a></div><div class="product"><a href="https://www.amazon.com/dp/B0F23GTKHL?tag=eloabder-20&linkCode=osi&th=1&psc=1"><img src="https://m.media-amazon.com/images/I/41dmHoeznDL._SL500_.jpg" alt="Product Image"></a><p>Zontera Ergonomic Mouse & Keyboard Tray Under Desk, Pull Out with Adjustable C-clamp, 20 (25.9 Including Clamps) x 11.8 Inch Slide Out Computer Keyboard Drawer Mouse Tray for Typing, Black</p><p> -7% 0FF </p><p>$25.99</p><a href="https://www.amazon.com/dp/B0F23GTKHL?tag=eloabder-20&linkCode=osi&th=1&psc=1">View Product</a></div><div class="product"><a href="https://www.amazon.com/dp/B01IIGMBVI?tag=eloabder-20&linkCode=osi&th=1&psc=1"><img src="https://m.media-amazon.com/images/I/21Vw8003F0L._SL500_.jpg" alt="Product Image"></a><p>Alera ALE Valencia Series Underdesk Keyboard/Mouse Shelf, 28w x 12d, Black</p><p> -50% 0FF </p><p>$29.22</p><a href="https://www.amazon.com/dp/B01IIGMBVI?tag=eloabder-20&linkCode=osi&th=1&psc=1">View Product</a></div>
<div class="product"><a href="https://www.amazon.com/dp/B07C3XZMC6?tag=eloabder-20&linkCode=osi&th=1&psc=1"><img src="https://m.media-amazon.com/images/I/31Eojf7glwL._SL500_.jpg" alt="Product Image"></a><p>JIKIOU 3 Pack Mouse Pad with Stitched Edge, Comfortable Mouse Pads with Non-Slip Rubber Base, Washable Mousepads Bulk with Comfortable Cloth, Mouse Pads for Computers Laptop Mouse 10.2x8.3inch Black</p><p> -29% 0FF </p><p>$7.99</p><a href="https://www.amazon.com/dp/B07C3XZMC6?tag=eloabder-20&linkCode=osi&th=1&psc=1">View Product</a></div><div class="product"><a href="https://www.amazon.com/dp/B085XRMSTT?tag=eloabder-20&linkCode=osi&th=1&psc=1"><img src="https://m.media-amazon.com/images/I/31aDSI0sFoL._SL500_.jpg" alt="Product Image"></a><p>EooCoo Ergonomic Mouse Pad with Wrist Support, Mousepad with Memory Foam Wrist Rest and Non-Slip Base for Computer, Cafe, Home & Office, 9.64 x 8.26 in Office Desk Accessories</p><p> -36% 0FF </p><p>$6.99</p><a href="https://www.amazon.com/dp/B085XRMSTT?tag=eloabder-20&linkCode=osi&th=1&psc=1">View Product</a></div>
<div class="product"><a href="https://www.amazon.com/dp/B0BRCJL4MM?tag=eloabder-20&linkCode=osi&th=1&psc=1"><img src="https://m.media-amazon.com/images/I/41sggzaNbPL._SL500_.jpg" alt="Product Image"></a><p>Led Desk Lamp for Office Home - Eye Caring Architect lamp with Clamp,Dual Screen Computer Monitor Gooseneck Smart Light: 24W 5 Color Flexible Adjustable Lighting Table Lamp for Study Drafting</p><p> -13% 0FF </p><p>$69.99</p><a href="https://www.amazon.com/dp/B0BRCJL4MM?tag=eloabder-20&linkCode=osi&th=1&psc=1">View Product</a></div><div class="product"><a href="https://www.amazon.com/dp/B0BNHNG5CY?tag=eloabder-20&linkCode=osi&th=1&psc=1"><img src="https://m.media-amazon.com/images/I/51ccmdZe2YL._SL500_.jpg" alt="Product Image"></a><p>Micomlan Led Desk Lamp with Clamp, Architect Desk Lamp for Home Office with Atmosphere Lighting, 24W Ultra Bright Auto Dimming Computer Light Stepless Dimming and Tempering LED Table Light</p><p> -27% 0FF </p><p>$49.99</p><a href="https://www.amazon.com/dp/B0BNHNG5CY?tag=eloabder-20&linkCode=osi&th=1&psc=1">View Product</a></div><div class="product"><a href="https://www.amazon.com/dp/B078W61H9P?tag=eloabder-20&linkCode=osi&th=1&psc=1"><img src="https://m.media-amazon.com/images/I/31aebwb3nqL._SL500_.jpg" alt="Product Image"></a><p>LEPOWER Metal Desk Lamp, Eye-Caring Table Lamp, Study Lamps with Flexible Goose Neck for Bedroom, Home Office (Matte Black)</p><p> -24% 0FF </p><p>$24.99</p><a href="https://www.amazon.com/dp/B078W61H9P?tag=eloabder-20&linkCode=osi&th=1&psc=1">View Product</a></div><div class="product"><a href="https://www.amazon.com/dp/B0D1DLY4H4?tag=eloabder-20&linkCode=osi&th=1&psc=1"><img src="https://m.media-amazon.com/images/I/41sKiuSIwRL._SL500_.jpg" alt="Product Image"></a><p>SKYLEO Led Desk Lamp - Desk Light for 31.5" Tall - 5 Color Modes X 11 Brightness Levels - Adjustable Swing Arm - Timmer & Memory Function - 12W Lamp for Desk - Black</p><p> -23% 0FF </p><p>$19.99</p><a href="https://www.amazon.com/dp/B0D1DLY4H4?tag=eloabder-20&linkCode=osi&th=1&psc=1">View Product</a></div><div class="product"><a href="https://www.amazon.com/dp/B0D2LGK82V?tag=eloabder-20&linkCode=osi&th=1&psc=1"><img src="https://m.media-amazon.com/images/I/41UpQ-qygDL._SL500_.jpg" alt="Product Image"></a><p>Addtam LED Desk Lamp, Power Strip with 3 Outlets 4 USB Charging Ports(2 USBC), 4 Modes 5 Level Brightness Touch Lamp, Small Desk Lamp for Home Office College Dorm Room Essentials</p><p> -23% 0FF </p><p>$16.99</p><a href="https://www.amazon.com/dp/B0D2LGK82V?tag=eloabder-20&linkCode=osi&th=1&psc=1">View Product</a></div><div class="product"><a href="https://www.amazon.com/dp/B08LMTQ7ZF?tag=eloabder-20&linkCode=osi&th=1&psc=1"><img src="https://m.media-amazon.com/images/I/21vKPX2KHML._SL500_.jpg" alt="Product Image"></a><p>Lepro LED Desk Lamp for Home Office, 9.5W 750LM Metal Touch Control Desk Light, 5 Color Modes 5 Brightness Level, Eye Caring Task Lamp For Reading, Sewing, Crafts, School Supplies, Puzzle Light, Black</p><p> -13% 0FF </p><p>$24.99</p><a href="https://www.amazon.com/dp/B08LMTQ7ZF?tag=eloabder-20&linkCode=osi&th=1&psc=1">View Product</a></div>
<div class="product"><a href="https://www.amazon.com/dp/B0D7BXNDP4?tag=eloabder-20&linkCode=osi&th=1&psc=1"><img src="https://m.media-amazon.com/images/I/41DuEunZ1+L._SL500_.jpg" alt="Product Image"></a><p>Monitor Fan with Clamp & Light Bar Desk Lamp with fan for Office mini Desk fan small quiet with lamp for PC Laptops Tablet for Home Office Portable Working Reading Stand Lamp</p><p> -5% 0FF </p><p>$15.19</p><a href="https://www.amazon.com/dp/B0D7BXNDP4?tag=eloabder-20&linkCode=osi&th=1&psc=1">View Product</a></div><div class="product"><a href="https://www.amazon.com/dp/B07K1D41DC?tag=eloabder-20&linkCode=osi&th=1&psc=1"><img src="https://m.media-amazon.com/images/I/310MAouNV-L._SL500_.jpg" alt="Product Image"></a><p>OttLite Cool Breeze LED Lamp with Bladeless Fan - 3 Speed Options & 5 Brightness Settings with Energy Efficient Natural Daylight LEDs - Desktop, Table or Nightstand Lamp for Studying or Reading</p><p> -14% 0FF </p><p>$89.98</p><a href="https://www.amazon.com/dp/B07K1D41DC?tag=eloabder-20&linkCode=osi&th=1&psc=1">View Product</a></div>
<div class="product"><a href="https://www.amazon.com/dp/B0CXSXL1F2?tag=eloabder-20&linkCode=osi&th=1&psc=1"><img src="https://m.media-amazon.com/images/I/41H6cndt7iL._SL500_.jpg" alt="Product Image"></a><p>9 Pack Lined Sticky Notes 4x6 in Post Sticky Notes with Lines, 9 Bright Colors Self Sticky Notes Pad Its, Large Ruled Sticky Note for Office, Home, 35 Sheets/Pad</p><p> -33% 0FF </p><p>$7.99</p><a href="https://www.amazon.com/dp/B0CXSXL1F2?tag=eloabder-20&linkCode=osi&th=1&psc=1">View Product</a></div><div class="product"><a href="https://www.amazon.com/dp/B019QROV9S?tag=eloabder-20&linkCode=osi&th=1&psc=1"><img src="https://m.media-amazon.com/images/I/51OsStyntzL._SL500_.jpg" alt="Product Image"></a><p>Sharpie Clear View Highlighter Sticks, Chisel Tip, Assorted Fluorescent, 8 Count - School, Home, and Office Use, Teacher Supplies</p><p> -23% 0FF </p><p>$13.86</p><a href="https://www.amazon.com/dp/B019QROV9S?tag=eloabder-20&linkCode=osi&th=1&psc=1">View Product</a></div>
<div class="product"><a href="https://www.amazon.com/dp/B082PN4X5J?tag=eloabder-20&linkCode=osi&th=1&psc=1"><img src="https://m.media-amazon.com/images/I/51o+eA8g6nL._SL500_.jpg" alt="Product Image"></a><p>Sharpie S-Gel Gel Pens, Black Barrel, Medium Point (0.7mm), Black Gel Ink Pens, 12 Count - Home, Office, School, Journaling, Writing, Note-Taking, Teacher Supplies</p><p> -14% 0FF </p><p>$11.97</p><a href="https://www.amazon.com/dp/B082PN4X5J?tag=eloabder-20&linkCode=osi&th=1&psc=1">View Product</a></div><div class="product"><a href="https://www.amazon.com/dp/B0C9W8DD9S?tag=eloabder-20&linkCode=osi&th=1&psc=1"><img src="https://m.media-amazon.com/images/I/41mdSvEwNZL._SL500_.jpg" alt="Product Image"></a><p>Ddaowanx Gel Pens, 6 Pcs 0.5mm Quick Dry Black Ink Pens Fine Point Smooth Writing Pens, Cute Office School Supplies Gifts for Women</p><p> -10% 0FF </p><p>$8.99</p><a href="https://www.amazon.com/dp/B0C9W8DD9S?tag=eloabder-20&linkCode=osi&th=1&psc=1">View Product</a></div><div class="product"><a href="https://www.amazon.com/dp/B019QBOG3U?tag=eloabder-20&linkCode=osi&th=1&psc=1"><img src="https://m.media-amazon.com/images/I/416PjSebDoL._SL500_.jpg" alt="Product Image"></a><p>Paper Mate Colorful Gel Pens - InkJoy Gel Pens Assorted Medium Point (0.7). Perfect for Vibrant Colored Writing and Sketching with Paper Mate InkJoy 14 Count</p><p> -18% 0FF </p><p>$10.31</p><a href="https://www.amazon.com/dp/B019QBOG3U?tag=eloabder-20&linkCode=osi&th=1&psc=1">View Product</a></div><div class="product"><a href="https://www.amazon.com/dp/B0C73JDN4S?tag=eloabder-20&linkCode=osi&th=1&psc=1"><img src="https://m.media-amazon.com/images/I/51DJUUxL7HL._SL500_.jpg" alt="Product Image"></a><p>Linbsunne Ballpoint Pens Black Medium Point 1mm Pen with Super Soft Grip Ball Point Pen for Men Women Retractable Pens (gold-12 pcs)</p><p> -10% 0FF </p><p>$8.99</p><a href="https://www.amazon.com/dp/B0C73JDN4S?tag=eloabder-20&linkCode=osi&th=1&psc=1">View Product</a></div><div class="product"><a href="https://www.amazon.com/dp/B001OTA66O?tag=eloabder-20&linkCode=osi&th=1&psc=1"><img src="https://m.media-amazon.com/images/I/41yS5tBZQLL._SL500_.jpg" alt="Product Image"></a><p>BIC Glide Black Retractable Ballpoint Pens, Medium Point (1.0mm), 4-Count Pack, Ultra Smooth Writing Black Pens</p><p> -40% 0FF </p><p>$2.99</p><a href="https://www.amazon.com/dp/B001OTA66O?tag=eloabder-20&linkCode=osi&th=1&psc=1">View Product</a></div>
<div class="product"><a href="https://www.amazon.com/dp/B002HVXXCW?tag=eloabder-20&linkCode=osi&th=1&psc=1"><img src="https://m.media-amazon.com/images/I/41JeEedXCeL._SL500_.jpg" alt="Product Image"></a><p>Ticonderoga Wood-Cased Pencils, Pre-Sharpened, 2 HB Soft, Yellow, 10 Count</p><p> -58% 0FF </p><p>$2.49</p><a href="https://www.amazon.com/dp/B002HVXXCW?tag=eloabder-20&linkCode=osi&th=1&psc=1">View Product</a></div><div class="product"><a href="https://www.amazon.com/dp/B077Q4B6YN?tag=eloabder-20&linkCode=osi&th=1&psc=1"><img src="https://m.media-amazon.com/images/I/4160YcHGDNL._SL500_.jpg" alt="Product Image"></a><p>Paper Mate 2017483 Mechanical Pencils for Handwriting, Triangular, 5/PK, AST</p><p> -45% 0FF </p><p>$3.47</p><a href="https://www.amazon.com/dp/B077Q4B6YN?tag=eloabder-20&linkCode=osi&th=1&psc=1">View Product</a></div>
<div class="product"><a href="https://www.amazon.com/dp/B0D7YTZNRF?tag=eloabder-20&linkCode=osi&th=1&psc=1"><img src="https://m.media-amazon.com/images/I/41hSbSlNAmL._SL500_.jpg" alt="Product Image"></a><p>YASNAY Alcohol Markers, 48 Colors Dual Tip Art Marker, Drawing Markers, Coloring Marker for Kids Sketching Adult Coloring</p><p> -27% 0FF </p><p>$10.99</p><a href="https://www.amazon.com/dp/B0D7YTZNRF?tag=eloabder-20&linkCode=osi&th=1&psc=1">View Product</a></div><div class="product"><a href="https://www.amazon.com/dp/B07CJ8QXF8?tag=eloabder-20&linkCode=osi&th=1&psc=1"><img src="https://m.media-amazon.com/images/I/51bChi4-H4L._SL500_.jpg" alt="Product Image"></a><p>Dual Markers Brush Pens, 36 Fine Point Art Marker, Double Tip Colored Pen for Adult Coloring Hand Lettering, School Classroom Art Suppliers</p><p> -20% 0FF </p><p>$7.98</p><a href="https://www.amazon.com/dp/B07CJ8QXF8?tag=eloabder-20&linkCode=osi&th=1&psc=1">View Product</a></div><div class="product"><a href="https://www.amazon.com/dp/B071CP6X88?tag=eloabder-20&linkCode=osi&th=1&psc=1"><img src="https://m.media-amazon.com/images/I/41sNeEYkTNL._SL500_.jpg" alt="Product Image"></a><p>Crayola Super Tips Marker Set for Kids (100ct), Broad Tip & Fine Point Washable Art Markers for Kids, Bulk School Supplies, Teacher Classroom Must Haves, Drawing Supplies</p><p> -19% 0FF </p><p>$16.29</p><a href="https://www.amazon.com/dp/B071CP6X88?tag=eloabder-20&linkCode=osi&th=1&psc=1">View Product</a></div><div class="product"><a href="https://www.amazon.com/dp/B08MBFPFCQ?tag=eloabder-20&linkCode=osi&th=1&psc=1"><img src="https://m.media-amazon.com/images/I/51DaGL7Z4oL._SL500_.jpg" alt="Product Image"></a><p>Sharpie Permanent Markers Variety Pack, Includes Chisel, Fine, and Ultra-Fine Tips, Marker Set, Writing, Coloring, Poster, Office, School Supplies, Black, 6 Count</p><p> -19% 0FF </p><p>$4.63 ($0.77 / Count)</p><a href="https://www.amazon.com/dp/B08MBFPFCQ?tag=eloabder-20&linkCode=osi&th=1&psc=1">View Product</a></div>
<div class="product"><a href="https://www.amazon.com/dp/B09Y2KJ2KX?tag=eloabder-20&linkCode=osi&th=1&psc=1"><img src="https://m.media-amazon.com/images/I/41EhQr7suML._SL500_.jpg" alt="Product Image"></a><p>Sharpie Pocket Highlighters, Mild Pastel Colors, Assorted, Chisel Tip, 12 Count - School, Home, and Office Use, Teacher Supplies</p><p> -22% 0FF </p><p>$7.76 ($0.65 / Count)</p><a href="https://www.amazon.com/dp/B09Y2KJ2KX?tag=eloabder-20&linkCode=osi&th=1&psc=1">View Product</a></div><div class="product"><a href="https://www.amazon.com/dp/B08698MJWT?tag=eloabder-20&linkCode=osi&th=1&psc=1"><img src="https://m.media-amazon.com/images/I/512N7aYt5oL._SL500_.jpg" alt="Product Image"></a><p>Sharpie S-Note Creative Markers, Pastel Highlighters, Art Marker Set, Assorted Colors, Chisel Tip, 24 Count - School, Home, and Office Use, Teacher Supplies</p><p> -60% 0FF </p><p>$8.83</p><a href="https://www.amazon.com/dp/B08698MJWT?tag=eloabder-20&linkCode=osi&th=1&psc=1">View Product</a></div>
<div class="product"><a href="https://www.amazon.com/dp/B097DPQPYN?tag=eloabder-20&linkCode=osi&th=1&psc=1"><img src="https://m.media-amazon.com/images/I/51nFyQPtfkL._SL500_.jpg" alt="Product Image"></a><p>Sonuimy Pencil Sharpeners, 4 Pcs Pencil Sharpeners Manual,Dual Holes Compact Colored Handheld Pencil Sharpener for Kids with Lid Adults Students School Class Home Office (Covered)</p><p> -13% 0FF </p><p>$4.49</p><a href="https://www.amazon.com/dp/B097DPQPYN?tag=eloabder-20&linkCode=osi&th=1&psc=1">View Product</a></div><div class="product"><a href="https://www.amazon.com/dp/B000MFN1G8?tag=eloabder-20&linkCode=osi&th=1&psc=1"><img src="https://m.media-amazon.com/images/I/41JPflroUEL._SL500_.jpg" alt="Product Image"></a><p>Compact Desktop Electric Pencil Sharpener, Black, Sold as 1 Each</p><p> -21% 0FF </p><p>$15.89</p><a href="https://www.amazon.com/dp/B000MFN1G8?tag=eloabder-20&linkCode=osi&th=1&psc=1">View Product</a></div><div class="product"><a href="https://www.amazon.com/dp/B00125KXGI?tag=eloabder-20&linkCode=osi&th=1&psc=1"><img src="https://m.media-amazon.com/images/I/51avY0bZv6L._SL500_.jpg" alt="Product Image"></a><p>Bostitch Office Personal Electric Pencil Sharpener, Powerful Stall-Free Motor, High Capacity Shavings Tray, Blue</p><p> -13% 0FF </p><p>$17.48</p><a href="https://www.amazon.com/dp/B00125KXGI?tag=eloabder-20&linkCode=osi&th=1&psc=1">View Product</a></div><div class="product"><a href="https://www.amazon.com/dp/B078DZY9Z5?tag=eloabder-20&linkCode=osi&th=1&psc=1"><img src="https://m.media-amazon.com/images/I/41KbUFGrXfL._SL500_.jpg" alt="Product Image"></a><p>JARLINK Electric Pencil Sharpener, Heavy-Duty Helical Blade to Fast Sharpen, Auto Stop for No.2/Colored Pencils(6-8mm), AC Adapter/Battery Operated in School Classroom/Office/Home (Black)</p><p> -21% 0FF </p><p>$16.98</p><a href="https://www.amazon.com/dp/B078DZY9Z5?tag=eloabder-20&linkCode=osi&th=1&psc=1">View Product</a></div><div class="product"><a href="https://www.amazon.com/dp/B08DLXH86D?tag=eloabder-20&linkCode=osi&th=1&psc=1"><img src="https://m.media-amazon.com/images/I/41UghsnBycL._SL500_.jpg" alt="Product Image"></a><p>Aogwat Pencil Sharpener Electric Pencil Sharpener for Kids, Blade to Fast Sharpen, Suitable for No.2/School/Classroom/Office/Home (Black)</p><p> -23% 0FF </p><p>$9.99</p><a href="https://www.amazon.com/dp/B08DLXH86D?tag=eloabder-20&linkCode=osi&th=1&psc=1">View Product</a></div><div class="product"><a href="https://www.amazon.com/dp/B000GP0VIU?tag=eloabder-20&linkCode=osi&th=1&psc=1"><img src="https://m.media-amazon.com/images/I/318OKKSwzbL._SL500_.jpg" alt="Product Image"></a><p>Bostitch Office Wall Mount Manual Pencil Sharpener, Tip Saver, 8 Hole Dial, 6X Longer Cutter Life, Vertical or Horizontal Mounting Black (MPS1-BLK)</p><p> -9% 0FF </p><p>$13.18</p><a href="https://www.amazon.com/dp/B000GP0VIU?tag=eloabder-20&linkCode=osi&th=1&psc=1">View Product</a></div>
<div class="product"><a href="https://www.amazon.com/dp/B00094H4LU?tag=eloabder-20&linkCode=osi&th=1&psc=1"><img src="https://m.media-amazon.com/images/I/41f-fbZYU1L._SL500_.jpg" alt="Product Image"></a><p>Paper Mate Erasers | Pink Pearl Large Erasers 12 Count</p><p> -55% 0FF </p><p>$6.03</p><a href="https://www.amazon.com/dp/B00094H4LU?tag=eloabder-20&linkCode=osi&th=1&psc=1">View Product</a></div><div class="product"><a href="https://www.amazon.com/dp/B07DPVVMWB?tag=eloabder-20&linkCode=osi&th=1&psc=1"><img src="https://m.media-amazon.com/images/I/51wLlsENgiL._SL500_.jpg" alt="Product Image"></a><p>Mr. Pen Erasers for Pencils, 120 Pack, Pencil Top Erasers, Eraser Caps, Cap Tops, Topper Erasers. Ereaser</p><p> -24% 0FF </p><p>$5.95</p><a href="https://www.amazon.com/dp/B07DPVVMWB?tag=eloabder-20&linkCode=osi&th=1&psc=1">View Product</a></div><div class="product"><a href="https://www.amazon.com/dp/B07144DC8V?tag=eloabder-20&linkCode=osi&th=1&psc=1"><img src="https://m.media-amazon.com/images/I/51Ed1+HW9cL._SL500_.jpg" alt="Product Image"></a><p>Pentel Hi-Polymer Block Eraser, White, 10/Box (ZEH10PC10)</p><p> -44% 0FF </p><p>$9.99</p><a href="https://www.amazon.com/dp/B07144DC8V?tag=eloabder-20&linkCode=osi&th=1&psc=1">View Product</a></div><div class="product"><a href="https://www.amazon.com/dp/B0047CT6SE?tag=eloabder-20&linkCode=osi&th=1&psc=1"><img src="https://m.media-amazon.com/images/I/41bhWXKeeiL._SL500_.jpg" alt="Product Image"></a><p>Pentel Clic Retractable Eraser with Grip, 3 Pack</p><p> -29% 0FF </p><p>$4.77</p><a href="https://www.amazon.com/dp/B0047CT6SE?tag=eloabder-20&linkCode=osi&th=1&psc=1">View Product</a></div>
<div class="product"><a href="https://www.amazon.com/dp/B09S9X3HV7?tag=eloabder-20&linkCode=osi&th=1&psc=1"><img src="https://m.media-amazon.com/images/I/51GgMyfl5VL._SL500_.jpg" alt="Product Image"></a><p>Color Transparent Ruler Plastic Rulers - Ruler 12 inch, Kids Ruler for School, Ruler with Centimeters, Millimeter and Inches, Assorted Colors, Clear Rulers, 7 Pack School Rulers</p><p> -16% 0FF </p><p>$5.99</p><a href="https://www.amazon.com/dp/B09S9X3HV7?tag=eloabder-20&linkCode=osi&th=1&psc=1">View Product</a></div><div class="product"><a href="https://www.amazon.com/dp/B06XK9VQM4?tag=eloabder-20&linkCode=osi&th=1&psc=1"><img src="https://m.media-amazon.com/images/I/51Glln3n-nL._SL500_.jpg" alt="Product Image"></a><p>Outus 12 Pack Wood Ruler Bulk for Students Wooden School Rulers Gifts Office Classroom Measuring, 2 Scale, 12 Inch and 30 cm</p><p> -6% 0FF </p><p>$7.99</p><a href="https://www.amazon.com/dp/B06XK9VQM4?tag=eloabder-20&linkCode=osi&th=1&psc=1">View Product</a></div><div class="product"><a href="https://www.amazon.com/dp/B0B5MLTG7J?tag=eloabder-20&linkCode=osi&th=1&psc=1"><img src="https://m.media-amazon.com/images/I/51z9LUxLKmL._SL500_.jpg" alt="Product Image"></a><p>DAGONGREN 30 Pack Clear Plastic Rulers 12 Inch,Transparent Assorted Color Metric Bulk Rulers with Inches and Centimeters,Kids Ruler for School,Home,Office</p><p> -9% 0FF </p><p>$9.99</p><a href="https://www.amazon.com/dp/B0B5MLTG7J?tag=eloabder-20&linkCode=osi&th=1&psc=1">View Product</a></div><div class="product"><a href="https://www.amazon.com/dp/B096MPPF53?tag=eloabder-20&linkCode=osi&th=1&psc=1"><img src="https://m.media-amazon.com/images/I/51qUpElDRcS._SL500_.jpg" alt="Product Image"></a><p>Tenare 1 Set Plastic Clear Math Set Includes Protractor Triangle Rulers 12 Inch 6 Inch Straight Geometry Math Transparent Ruler Measuring Tool for School Office Home Supplies(Clear)</p><p> -25% 0FF </p><p>$5.98</p><a href="https://www.amazon.com/dp/B096MPPF53?tag=eloabder-20&linkCode=osi&th=1&psc=1">View Product</a></div>
<div class="product"><a href="https://www.amazon.com/dp/B07YDDX4JL?tag=eloabder-20&linkCode=osi&th=1&psc=1"><img src="https://m.media-amazon.com/images/I/41oBPZwCRLL._SL500_.jpg" alt="Product Image"></a><p>3-Pack 8" Heavy Duty Scissors with Ultra Sharp Blades and Comfort Grip Handles - For Office, Home, School, Sewing, and Crafts</p><p> -15% 0FF </p><p>$8.49 ($2.83 / Count)</p><a href="https://www.amazon.com/dp/B07YDDX4JL?tag=eloabder-20&linkCode=osi&th=1&psc=1">View Product</a></div><div class="product"><a href="https://www.amazon.com/dp/B01BRGU8R0?tag=eloabder-20&linkCode=osi&th=1&psc=1"><img src="https://m.media-amazon.com/images/I/41ANVra+eNL._SL500_.jpg" alt="Product Image"></a><p>Amazon Basics Stainless Steel Scissors for Office, Crafts, Multipurpose, Sharp, Comfort Grip, PVD Coated, 3 Pack, Multicolor</p><p> -45% 0FF </p><p>$7.55</p><a href="https://www.amazon.com/dp/B01BRGU8R0?tag=eloabder-20&linkCode=osi&th=1&psc=1">View Product</a></div><div class="product"><a href="https://www.amazon.com/dp/B000P0LNRE?tag=eloabder-20&linkCode=osi&th=1&psc=1"><img src="https://m.media-amazon.com/images/I/41fWgMTO0JL._SL500_.jpg" alt="Product Image"></a><p>Westcott 8-Inch Titanium-Bonded Scissors with Adjustable Glide Feature for Office and Home - Gray/Yellow, 2-Pack</p><p> -33% 0FF </p><p>$9.97</p><a href="https://www.amazon.com/dp/B000P0LNRE?tag=eloabder-20&linkCode=osi&th=1&psc=1">View Product</a></div>
<div class="product"><a href="https://www.amazon.com/dp/B074ZRZ4CZ?tag=eloabder-20&linkCode=osi&th=1&psc=1"><img src="https://m.media-amazon.com/images/I/41bu+HKxC2L._SL500_.jpg" alt="Product Image"></a><p>Swingline Commercial Stapler, 20 Sheet Capacity, Jam Free, Metal, 2 Pack, Black (44401AZ)</p><p> -5% 0FF </p><p>$18.98</p><a href="https://www.amazon.com/dp/B074ZRZ4CZ?tag=eloabder-20&linkCode=osi&th=1&psc=1">View Product</a></div><div class="product"><a href="https://www.amazon.com/dp/B001PME62K?tag=eloabder-20&linkCode=osi&th=1&psc=1"><img src="https://m.media-amazon.com/images/I/41gbaJu-3iL._SL500_.jpg" alt="Product Image"></a><p>Swingline Stapler, 40 Sheet Capacity, Optima 40, Jam Free, Reduced Effort, Soft Grip, Metal, Orange and Gray (87845)</p><p> -14% 0FF </p><p>$24.19</p><a href="https://www.amazon.com/dp/B001PME62K?tag=eloabder-20&linkCode=osi&th=1&psc=1">View Product</a></div><div class="product"><a href="https://www.amazon.com/dp/B0D2JBKYM1?tag=eloabder-20&linkCode=osi&th=1&psc=1"><img src="https://m.media-amazon.com/images/I/41zFTU9QpfL._SL500_.jpg" alt="Product Image"></a><p>Bostitch Office Stapler, No-Jam Premium for Desktop, Includes 1,250 Staples, Full-Strip, 25 Sheet Capacity, Black</p><p> -26% 0FF </p><p>$6.99</p><a href="https://www.amazon.com/dp/B0D2JBKYM1?tag=eloabder-20&linkCode=osi&th=1&psc=1">View Product</a></div><div class="product"><a href="https://www.amazon.com/dp/B0CC5GJKM1?tag=eloabder-20&linkCode=osi&th=1&psc=1"><img src="https://m.media-amazon.com/images/I/41JDDoSZQiL._SL500_.jpg" alt="Product Image"></a><p>Metal Stapler Heavy Duty 50 Sheet Capacity with 1750 Staples and Staple Remover, Full Strip Staplers for Desk, No Jam, Non-Slip for Office & Classroom, Black</p><p> -33% 0FF </p><p>$13.29</p><a href="https://www.amazon.com/dp/B0CC5GJKM1?tag=eloabder-20&linkCode=osi&th=1&psc=1">View Product</a></div><div class="product"><a href="https://www.amazon.com/dp/B0006HUQZ6?tag=eloabder-20&linkCode=osi&th=1&psc=1"><img src="https://m.media-amazon.com/images/I/31e-T-f1TGL._SL500_.jpg" alt="Product Image"></a><p>Swingline Stapler, 30 Sheet Capacity, 747 Business Stapler, Jam Free, Metal, Rio Red (74736)</p><p> -23% 0FF </p><p>$15.30</p><a href="https://www.amazon.com/dp/B0006HUQZ6?tag=eloabder-20&linkCode=osi&th=1&psc=1">View Product</a></div>
<div class="product"><a href="https://www.amazon.com/dp/B00J8PJJF0?tag=eloabder-20&linkCode=osi&th=1&psc=1"><img src="https://m.media-amazon.com/images/I/418dc+5ZGkL._SL500_.jpg" alt="Product Image"></a><p>Bostitch Office Premium Standard Staples, 1/4" Full Strip, Box of 5,000 Staples</p><p> -27% 0FF </p><p>$4.39</p><a href="https://www.amazon.com/dp/B00J8PJJF0?tag=eloabder-20&linkCode=osi&th=1&psc=1">View Product</a></div><div class="product"><a href="https://www.amazon.com/dp/B079VYR12V?tag=eloabder-20&linkCode=osi&th=1&psc=1"><img src="https://m.media-amazon.com/images/I/51xAt88vqrL._SL500_.jpg" alt="Product Image"></a><p>Officemate Standard Staples, 10 Boxes General Purpose Staple (91950)</p><p> -10% 0FF </p><p>$14.37</p><a href="https://www.amazon.com/dp/B079VYR12V?tag=eloabder-20&linkCode=osi&th=1&psc=1">View Product</a></div><div class="product"><a href="https://www.amazon.com/dp/B00006IFMQ?tag=eloabder-20&linkCode=osi&th=1&psc=1"><img src="https://m.media-amazon.com/images/I/51UsWZuFq8L._SL500_.jpg" alt="Product Image"></a><p>Bostitch Office B8 PowerCrown 0.25 Inch Staples, Pack of 5,000 Staples (STCRP21151/4), Silver</p><p> -30% 0FF </p><p>$2.33</p><a href="https://www.amazon.com/dp/B00006IFMQ?tag=eloabder-20&linkCode=osi&th=1&psc=1">View Product</a></div>
<div class="product"><a href="https://www.amazon.com/dp/B000J07BRQ?tag=eloabder-20&linkCode=osi&th=1&psc=1"><img src="https://m.media-amazon.com/images/I/51QpJKjajbL._SL500_.jpg" alt="Product Image"></a><p>Scotch Heavy Duty Shipping Packing Tape, Clear, Packing Tape for Moving Boxes and Packaging Supplies, 1.88 in. x 22.2 yd., 6 Roll Dispensers, Moving Supplies</p><p> -35% 0FF </p><p>$12.99</p><a href="https://www.amazon.com/dp/B000J07BRQ?tag=eloabder-20&linkCode=osi&th=1&psc=1">View Product</a></div><div class="product"><a href="https://www.amazon.com/dp/B0000DH8HQ?tag=eloabder-20&linkCode=osi&th=1&psc=1"><img src="https://m.media-amazon.com/images/I/414lAY+087L._SL500_.jpg" alt="Product Image"></a><p>Scotch Magic Tape, Invisible Transparent Tape, 6 Tape Rolls with Dispensers, 3/4 in x 650 in</p><p> -23% 0FF </p><p>$12.34</p><a href="https://www.amazon.com/dp/B0000DH8HQ?tag=eloabder-20&linkCode=osi&th=1&psc=1">View Product</a></div><div class="product"><a href="https://www.amazon.com/dp/B0DQHV6X92?tag=eloabder-20&linkCode=osi&th=1&psc=1"><img src="https://m.media-amazon.com/images/I/51ViCFlgldL._SL500_.jpg" alt="Product Image"></a><p>BeataTap Tape, Invisible Tape, 6 Rolls + 6 Refillable Dispensers, Matte Finish, Writable, 3/4″ x 650″, Transparent Tape, Clear Tape for Gift Wrapping Paper, School Supplies</p><p> -15% 0FF </p><p>$5.94 ($0.99 / Count)</p><a href="https://www.amazon.com/dp/B0DQHV6X92?tag=eloabder-20&linkCode=osi&th=1&psc=1">View Product</a></div><div class="product"><a href="https://www.amazon.com/dp/B07CB6LN5S?tag=eloabder-20&linkCode=osi&th=1&psc=1"><img src="https://m.media-amazon.com/images/I/41NNyeISnjL._SL500_.jpg" alt="Product Image"></a><p>Scotch Super-Hold Tape, 2 Rolls, Transparent Finish, 50% More Adhesive, Trusted Favorite, 3/4 x 600 Inches, Dispensered (198DM-2)</p><p> -30% 0FF </p><p>$5.97</p><a href="https://www.amazon.com/dp/B07CB6LN5S?tag=eloabder-20&linkCode=osi&th=1&psc=1">View Product</a></div><div class="product"><a href="https://www.amazon.com/dp/B00464740A?tag=eloabder-20&linkCode=osi&th=1&psc=1"><img src="https://m.media-amazon.com/images/I/51ZPFoiGfuL._SL500_.jpg" alt="Product Image"></a><p>Scotch Sure Start Shipping Packaging Tape, 1.88" x 22.2 yd, Designed for Packing, Shipping and Mailing, Quiet Unwind, No Splitting or Tearing, 1.5" Core, Clear, 6 Dispensered Rolls (145-6)</p><p> -28% 0FF </p><p>$13.48</p><a href="https://www.amazon.com/dp/B00464740A?tag=eloabder-20&linkCode=osi&th=1&psc=1">View Product</a></div><div class="product"><a href="https://www.amazon.com/dp/B09C6LLG9P?tag=eloabder-20&linkCode=osi&th=1&psc=1"><img src="https://m.media-amazon.com/images/I/41rbv66ZNBL._SL500_.jpg" alt="Product Image"></a><p>Scotch Box Lock Packaging Tape, 1 Roll with Dispenser, 1.88 in x 1000 in, Extreme Grip, Sticks Instantly to Any Box (195L)</p><p> -31% 0FF </p><p>$4.12</p><a href="https://www.amazon.com/dp/B09C6LLG9P?tag=eloabder-20&linkCode=osi&th=1&psc=1">View Product</a></div>
<div class="product"><a href="https://www.amazon.com/dp/B08QQZ71CV?tag=eloabder-20&linkCode=osi&th=1&psc=1"><img src="https://m.media-amazon.com/images/I/51Foz0aGYoS._SL500_.jpg" alt="Product Image"></a><p>Gorilla Super Glue, Clear Glue, Four 3 Gram Tubes (Pack of 1) - All Purpose and Fast Setting for Projects and Repairs</p><p> -25% 0FF </p><p>$9.49 ($22.60 / Ounce)</p><a href="https://www.amazon.com/dp/B08QQZ71CV?tag=eloabder-20&linkCode=osi&th=1&psc=1">View Product</a></div><div class="product"><a href="https://www.amazon.com/dp/B07J6R3GK7?tag=eloabder-20&linkCode=osi&th=1&psc=1"><img src="https://m.media-amazon.com/images/I/31kdOjGBkpL._SL500_.jpg" alt="Product Image"></a><p>Amazon Basics All Purpose Washable School Clear Liquid Glue - Great for Making Slime, 128 fl oz</p><p> -6% 0FF </p><p>$16.13</p><a href="https://www.amazon.com/dp/B07J6R3GK7?tag=eloabder-20&linkCode=osi&th=1&psc=1">View Product</a></div><div class="product"><a href="https://www.amazon.com/dp/B00178QQJ8?tag=eloabder-20&linkCode=osi&th=1&psc=1"><img src="https://m.media-amazon.com/images/I/41zs6k410RL._SL500_.jpg" alt="Product Image"></a><p>Mod Podge Gloss Sealer, Glue & Finish: All-in-One Craft Solution- Quick Dry, Easy Clean, for Wood, Paper, Fabric & More. Non-Toxic - Craft with Confidence, Made in USA, 16 oz., Pack of 1</p><p> -36% 0FF </p><p>$7.99 ($0.50 / Fl Oz)</p><a href="https://www.amazon.com/dp/B00178QQJ8?tag=eloabder-20&linkCode=osi&th=1&psc=1">View Product</a></div><div class="product"><a href="https://www.amazon.com/dp/B073V14DZJ?tag=eloabder-20&linkCode=osi&th=1&psc=1"><img src="https://m.media-amazon.com/images/I/31Iyy5+vk6L._SL500_.jpg" alt="Product Image"></a><p>Amazon Basics All Purpose Washable School Craft Liquid Glue for Making Slime, White, Single Pack, 1 Gallon</p><p> -7% 0FF </p><p>$15.54</p><a href="https://www.amazon.com/dp/B073V14DZJ?tag=eloabder-20&linkCode=osi&th=1&psc=1">View Product</a></div><div class="product"><a href="https://www.amazon.com/dp/B0006HUJCQ?tag=eloabder-20&linkCode=osi&th=1&psc=1"><img src="https://m.media-amazon.com/images/I/511pTqChTCL._SL500_.jpg" alt="Product Image"></a><p>Loctite Super Glue Gel Control, Clear, 0.14 fl oz Bottle, 1 Pack - Superglue for Plastic, Wood, Metal, Crafts & Repair, Cyanoacrylate Adhesive Instant Glue, Quick Dry</p><p> -13% 0FF </p><p>$3.64 ($26.00 / Fl Oz)</p><a href="https://www.amazon.com/dp/B0006HUJCQ?tag=eloabder-20&linkCode=osi&th=1&psc=1">View Product</a></div>
<div class="product"><a href="https://www.amazon.com/dp/B074XTRX7K?tag=eloabder-20&linkCode=osi&th=1&psc=1"><img src="https://m.media-amazon.com/images/I/31rOPIrMfDL._SL500_.jpg" alt="Product Image"></a><p>Amazon Basics Sturdy Binder Clips for Office Use, 96 Count (8 Pack of 12), Medium, 1.25 in, Black</p><p> -26% 0FF </p><p>$7.48</p><a href="https://www.amazon.com/dp/B074XTRX7K?tag=eloabder-20&linkCode=osi&th=1&psc=1">View Product</a></div><div class="product"><a href="https://www.amazon.com/dp/B00TQ8FDB8?tag=eloabder-20&linkCode=osi&th=1&psc=1"><img src="https://m.media-amazon.com/images/I/51y7lUrMLnL._SL500_.jpg" alt="Product Image"></a><p>ACCO Binder Clips, Medium, Black, 12 per Box, 2 Boxes (72062)</p><p> -25% 0FF </p><p>$5.96</p><a href="https://www.amazon.com/dp/B00TQ8FDB8?tag=eloabder-20&linkCode=osi&th=1&psc=1">View Product</a></div><div class="product"><a href="https://www.amazon.com/dp/B08KWCDP3C?tag=eloabder-20&linkCode=osi&th=1&psc=1"><img src="https://m.media-amazon.com/images/I/41qucDz6HuL._SL500_.jpg" alt="Product Image"></a><p>Ufmarine Medium Binder Clips 1.25 inch Length, (40 Pcs) Colorful Paper Clips Medium for Office</p><p> -12% 0FF </p><p>$5.99</p><a href="https://www.amazon.com/dp/B08KWCDP3C?tag=eloabder-20&linkCode=osi&th=1&psc=1">View Product</a></div>
<div class="product"><a href="https://www.amazon.com/dp/B09XQLJFDD?tag=eloabder-20&linkCode=osi&th=1&psc=1"><img src="https://m.media-amazon.com/images/I/41iiSFMy4uL._SL500_.jpg" alt="Product Image"></a><p>PAPERPAL Paperclips for Office School & Personal Use, #1 Nonskid Paper Clip (1-2/7"), 600 Medium Paper Clips (6 Boxes of 100 Each), Silver</p><p> -20% 0FF </p><p>$7.99</p><a href="https://www.amazon.com/dp/B09XQLJFDD?tag=eloabder-20&linkCode=osi&th=1&psc=1">View Product</a></div>

<div class="product"><a href="https://www.amazon.com/dp/B004I2G8NO?tag=eloabder-20&linkCode=osi&th=1&psc=1"><img src="https://m.media-amazon.com/images/I/51WEsLRINGL._SL500_.jpg" alt="Product Image"></a><p>Business Source Rubber Band, Natural (1914LB)</p><p> -26% 0FF </p><p>$4.00</p><a href="https://www.amazon.com/dp/B004I2G8NO?tag=eloabder-20&linkCode=osi&th=1&psc=1">View Product</a></div><div class="product"><a href="https://www.amazon.com/dp/B077GDY1LP?tag=eloabder-20&linkCode=osi&th=1&psc=1"><img src="https://m.media-amazon.com/images/I/41nn0nmNTiL._SL500_.jpg" alt="Product Image"></a><p>ANNIE 1000 RUBBER BANDS 1/2" #BLACK</p><p> -7% 0FF </p><p>$4.90 ($1.22 / Count)</p><a href="https://www.amazon.com/dp/B077GDY1LP?tag=eloabder-20&linkCode=osi&th=1&psc=1">View Product</a></div><div class="product"><a href="https://www.amazon.com/dp/B000783OPI?tag=eloabder-20&linkCode=osi&th=1&psc=1"><img src="https://m.media-amazon.com/images/I/510okXKzMqL._SL500_.jpg" alt="Product Image"></a><p>Universal 00419 19-Size Rubber Bands (335 Per Pack), Beige</p><p> -29% 0FF </p><p>$3.44</p><a href="https://www.amazon.com/dp/B000783OPI?tag=eloabder-20&linkCode=osi&th=1&psc=1">View Product</a></div><div class="product"><a href="https://www.amazon.com/dp/B00006IBRU?tag=eloabder-20&linkCode=osi&th=1&psc=1"><img src="https://m.media-amazon.com/images/I/51pU5khkX8L._SL500_.jpg" alt="Product Image"></a><p>ALL26335 - Alliance Rubber 26335 Advantage Rubber Bands - Size #33, Natural, 1 Pound 3 x 1/8 inches</p><p> -62% 0FF </p><p>$3.29</p><a href="https://www.amazon.com/dp/B00006IBRU?tag=eloabder-20&linkCode=osi&th=1&psc=1">View Product</a></div>
<div class="product"><a href="https://www.amazon.com/dp/B0DSKTZBB6?tag=eloabder-20&linkCode=osi&th=1&psc=1"><img src="https://m.media-amazon.com/images/I/415YD3kNFlL._SL500_.jpg" alt="Product Image"></a><p>300 Count Colored Index Cards 3 x 5 Inch Ruled Index Cards, Flash Cards College Ruled for School, College, Office and Home Organization, Durable Study To Do List Note Cards with Ruled Lines</p><p> -10% 0FF </p><p>$6.29</p><a href="https://www.amazon.com/dp/B0DSKTZBB6?tag=eloabder-20&linkCode=osi&th=1&psc=1">View Product</a></div><div class="product"><a href="https://www.amazon.com/dp/B09JYQZQ3V?tag=eloabder-20&linkCode=osi&th=1&psc=1"><img src="https://m.media-amazon.com/images/I/41y5vfnutuL._SL500_.jpg" alt="Product Image"></a><p>Oxford Index Cards, 3 x 5 Inches, White, Lined on Front, Blank on Back, Flashcards for School and Studying, Recipe Note Cards, 500 Count (5 Packs of 100) (40176)</p><p> -22% 0FF </p><p>$7.01</p><a href="https://www.amazon.com/dp/B09JYQZQ3V?tag=eloabder-20&linkCode=osi&th=1&psc=1">View Product</a></div>
<div class="product"><a href="https://www.amazon.com/dp/B00P9U2EM8?tag=eloabder-20&linkCode=osi&th=1&psc=1"><img src="https://m.media-amazon.com/images/I/41Op5kyIukL._SL500_.jpg" alt="Product Image"></a><p>Mead Spiral Notebook, 6 Pack, 1 Subject, College Ruled Paper, 7-1/2" x 10-1/2", 70 Sheets per Notebook, Colors Will Vary (830062-ECM25)</p><p> -46% 0FF </p><p>$6.71</p><a href="https://www.amazon.com/dp/B00P9U2EM8?tag=eloabder-20&linkCode=osi&th=1&psc=1">View Product</a></div><div class="product"><a href="https://www.amazon.com/dp/B0CQN8FVJX?tag=eloabder-20&linkCode=osi&th=1&psc=1"><img src="https://m.media-amazon.com/images/I/414WVVoGFPL._SL500_.jpg" alt="Product Image"></a><p>SUNEE Spiral Notebooks, 1-Subject, 5 Pack, College Ruled Paper, 8" x 10-1/2", 70 Sheets per Notebook,3-Hole Punched Paper, Pink,Purple, Blue, Green, Yellow Spiral Lined Notebooks for School,Work</p><p> -29% 0FF </p><p>$9.99</p><a href="https://www.amazon.com/dp/B0CQN8FVJX?tag=eloabder-20&linkCode=osi&th=1&psc=1">View Product</a></div><div class="product"><a href="https://www.amazon.com/dp/B08NYRMWZ8?tag=eloabder-20&linkCode=osi&th=1&psc=1"><img src="https://m.media-amazon.com/images/I/41y1cnNXtOL._SL500_.jpg" alt="Product Image"></a><p>Yansanido Spiral Notebook, 4 Pcs 8.3 Inch x 5.9 Inch A5 Thick Plastic Hardcover 8mm Ruled 4 Color 80 Sheets -160 Pages Journals for Study and Notes (style 10-Wine Red,Brown,Green,ivory, A5)</p><p> -23% 0FF </p><p>$9.99</p><a href="https://www.amazon.com/dp/B08NYRMWZ8?tag=eloabder-20&linkCode=osi&th=1&psc=1">View Product</a></div><div class="product"><a href="https://www.amazon.com/dp/B08VF9VYLZ?tag=eloabder-20&linkCode=osi&th=1&psc=1"><img src="https://m.media-amazon.com/images/I/41ktUSmtHAL._SL500_.jpg" alt="Product Image"></a><p>Oxford Spiral Notebooks, 6 Pack, 1 Subject, Wide Ruled Notebooks for School, 8 x 10.5 Inches, 70 Sheets, Assorted Pastel Colors, Back to School Supplies (63757)</p><p> -6% 0FF </p><p>$8.99</p><a href="https://www.amazon.com/dp/B08VF9VYLZ?tag=eloabder-20&linkCode=osi&th=1&psc=1">View Product</a></div>
<div class="product"><a href="https://www.amazon.com/dp/B0FDRCSXZH?tag=eloabder-20&linkCode=osi&th=1&psc=1"><img src="https://m.media-amazon.com/images/I/41rYztS-0zL._SL500_.jpg" alt="Product Image"></a><p>5pcs Small Note Pads, Color Notepads 5x8 College Ruled Notebook, Writing Pads 5 x 8, Legal Pads, Memo Pad Paper Perforate Narrow Ruled Notebooks for Work, School, Office Supplies,30 Sheets/Pack</p><p> -14% 0FF </p><p>$5.99</p><a href="https://www.amazon.com/dp/B0FDRCSXZH?tag=eloabder-20&linkCode=osi&th=1&psc=1">View Product</a></div><div class="product"><a href="https://www.amazon.com/dp/B0BZQNCV62?tag=eloabder-20&linkCode=osi&th=1&psc=1"><img src="https://m.media-amazon.com/images/I/41yNqvqCwoL._SL500_.jpg" alt="Product Image"></a><p>Alitte Legal Notepads 8.5 x 11, Pack of 12 - Perforated Wide Ruled Writing Pad - Premium Thick Paper, No Ink Bleeding - Blank Legal Pads For Home, Office, School, Business - 50 Sheets Per Notebook</p><p> -17% 0FF </p><p>$24.99</p><a href="https://www.amazon.com/dp/B0BZQNCV62?tag=eloabder-20&linkCode=osi&th=1&psc=1">View Product</a></div>
<div class="product"><a href="https://www.amazon.com/dp/B0C7S1PCX4?tag=eloabder-20&linkCode=osi&th=1&psc=1"><img src="https://m.media-amazon.com/images/I/41nVRBg2klL._SL500_.jpg" alt="Product Image"></a><p>Oxford 8.5 x 11 Legal Pads, 12 Pack, Wide Ruled, Yellow Paper, 50 Sheets Per Writing Pad, Made in the USA (74020)</p><p> -30% 0FF </p><p>$12.60</p><a href="https://www.amazon.com/dp/B0C7S1PCX4?tag=eloabder-20&linkCode=osi&th=1&psc=1">View Product</a></div><div class="product"><a href="https://www.amazon.com/dp/B0CGF22134?tag=eloabder-20&linkCode=osi&th=1&psc=1"><img src="https://m.media-amazon.com/images/I/41FzLgeXAyL._SL500_.jpg" alt="Product Image"></a><p>MSKKSM Legal Pads 8.5 x 11, 3 Pack Yellow Note Pads 8.5 x 11 Writing Pads, Wide Ruled Legal Notepads, Lined Pads of Paper Yellow Paper Pads, 30 Sheets Per Notepad for School, Home, Office, Business</p><p> -17% 0FF </p><p>$9.99</p><a href="https://www.amazon.com/dp/B0CGF22134?tag=eloabder-20&linkCode=osi&th=1&psc=1">View Product</a></div><div class="product"><a href="https://www.amazon.com/dp/B0FCMWHFC2?tag=eloabder-20&linkCode=osi&th=1&psc=1"><img src="https://m.media-amazon.com/images/I/41MMVFB-S4L._SL500_.jpg" alt="Product Image"></a><p>5pcs Legal Pads 8.5 x 11, Notepads 8.5 x 11 Inch, Color Note Pads Clear Print Writing Pads of Paper, Memo Pads , Perforate Legal Notepads Paper , Wide Ruled Lined with Sturdy Back,30 Sheets/Pack</p><p> -8% 0FF </p><p>$11.99</p><a href="https://www.amazon.com/dp/B0FCMWHFC2?tag=eloabder-20&linkCode=osi&th=1&psc=1">View Product</a></div>
<div class="product"><a href="https://www.amazon.com/dp/B08H593JZG?tag=eloabder-20&linkCode=osi&th=1&psc=1"><img src="https://m.media-amazon.com/images/I/415Ykzo-lyL._SL500_.jpg" alt="Product Image"></a><p>Eastern Wolf 8 Pads Sticky Notes 3x3 Self-Stick Notes 8 Bright Multi Colors Purple Sticky Notes, 85 Sheet/Pad</p><p> -20% 0FF </p><p>$5.59</p><a href="https://www.amazon.com/dp/B08H593JZG?tag=eloabder-20&linkCode=osi&th=1&psc=1">View Product</a></div><div class="product"><a href="https://www.amazon.com/dp/B0BPJW13CM?tag=eloabder-20&linkCode=osi&th=1&psc=1"><img src="https://m.media-amazon.com/images/I/41uKwTyz1rL._SL500_.jpg" alt="Product Image"></a><p>Post-it 100% Recycled Paper Super Sticky Notes, 2X The Sticking Power, 3x3 in, 5 Pads, 70 Sheets/Pad, Wanderlust Pastels Collection (654R-5SSNRP)</p><p> -33% 0FF </p><p>$5.98</p><a href="https://www.amazon.com/dp/B0BPJW13CM?tag=eloabder-20&linkCode=osi&th=1&psc=1">View Product</a></div><div class="product"><a href="https://www.amazon.com/dp/B0D6RPPK9H?tag=eloabder-20&linkCode=osi&th=1&psc=1"><img src="https://m.media-amazon.com/images/I/41O8zZ-RN4L._SL500_.jpg" alt="Product Image"></a><p>(18 Pads) Sticky Notes 3x3 inch, Self-Stick Pads Bright Colors Sticky Note, Recyclable, Easy to Post for Home, Office, Notebook</p><p> -40% 0FF </p><p>$8.39</p><a href="https://www.amazon.com/dp/B0D6RPPK9H?tag=eloabder-20&linkCode=osi&th=1&psc=1">View Product</a></div><div class="product"><a href="https://www.amazon.com/dp/B0CMGJ6FRB?tag=eloabder-20&linkCode=osi&th=1&psc=1"><img src="https://m.media-amazon.com/images/I/41xF9DqIGZL._SL500_.jpg" alt="Product Image"></a><p>Sticky Notes, 12 Pads, 3x3 inches, Soft Pastel Self-Stick Note Pads, Perfect for Office, Study, and Daily Life Organization - Soft Pastel</p><p> -16% 0FF </p><p>$5.06</p><a href="https://www.amazon.com/dp/B0CMGJ6FRB?tag=eloabder-20&linkCode=osi&th=1&psc=1">View Product</a></div>
<div class="product"><a href="https://www.amazon.com/dp/B07VRYX57R?tag=eloabder-20&linkCode=osi&th=1&psc=1"><img src="https://m.media-amazon.com/images/I/410XbLRqukL._SL500_.jpg" alt="Product Image"></a><p>(24 Pack) Sticky Notes 3x3 in Post Bright Stickies Colorful Super Sticking Power Memo Pads, Strong Adhesive, 74 Sheets/pad</p><p> -35% 0FF </p><p>$16.99</p><a href="https://www.amazon.com/dp/B07VRYX57R?tag=eloabder-20&linkCode=osi&th=1&psc=1">View Product</a></div><div class="product"><a href="https://www.amazon.com/dp/B00QSR9PRI?tag=eloabder-20&linkCode=osi&th=1&psc=1"><img src="https://m.media-amazon.com/images/I/31n-YNlgraL._SL500_.jpg" alt="Product Image"></a><p>Amazon Basics Narrow Ruled Lined Writing Note Pad, 5 inch x 8 inch, White, 12 Count (12 Pack of 50 pages)</p><p> -6% 0FF </p><p>$8.78</p><a href="https://www.amazon.com/dp/B00QSR9PRI?tag=eloabder-20&linkCode=osi&th=1&psc=1">View Product</a></div><div class="product"><a href="https://www.amazon.com/dp/B0D5M4D3NN?tag=eloabder-20&linkCode=osi&th=1&psc=1"><img src="https://m.media-amazon.com/images/I/41uzPvHBCDL._SL500_.jpg" alt="Product Image"></a><p>(12 Pack) Lined Sticky Notes 4x6 in Ruled Stickies Super Sticking Power Memo Pads Bright Colors</p><p> -40% 0FF </p><p>$8.98</p><a href="https://www.amazon.com/dp/B0D5M4D3NN?tag=eloabder-20&linkCode=osi&th=1&psc=1">View Product</a></div><div class="product"><a href="https://www.amazon.com/dp/B0CQK3M5VK?tag=eloabder-20&linkCode=osi&th=1&psc=1"><img src="https://m.media-amazon.com/images/I/31jKEzc1qFL._SL500_.jpg" alt="Product Image"></a><p>Note Pads 4x6 Inch, 6 Pack Blank Scratch Pads, 50 Sheets Per Memo Pad for Writing, White Pad of Paper Suit for Home, Office and School, Tear off Notepad, Small Server Notebook</p><p> -10% 0FF </p><p>$6.29</p><a href="https://www.amazon.com/dp/B0CQK3M5VK?tag=eloabder-20&linkCode=osi&th=1&psc=1">View Product</a></div>
<div class="product"><a href="https://www.amazon.com/dp/B0F5D4VNBX?tag=eloabder-20&linkCode=osi&th=1&psc=1"><img src="https://m.media-amazon.com/images/I/41SnXbixNcL._SL500_.jpg" alt="Product Image"></a><p>Blue Sky 2026 Weekly and Monthly Planner Calendar, Includes January 2026 - December 2026, 5" x 8", Flexible Cover, Wirebound, Laminated Tabs, Enterprise</p><p> -10% 0FF </p><p>$8.99</p><a href="https://www.amazon.com/dp/B0F5D4VNBX?tag=eloabder-20&linkCode=osi&th=1&psc=1">View Product</a></div><div class="product"><a href="https://www.amazon.com/dp/B0FRNQDRCR?tag=eloabder-20&linkCode=osi&th=1&psc=1"><img src="https://m.media-amazon.com/images/I/51rBf1oJchL._SL500_.jpg" alt="Product Image"></a><p>Essential PRO 2026 Daily, Weekly & Monthly Planner, 7"x9": 14 Months (Nov 2025 - Dec 2026) Monthly Tabs,Daily Tracking,Notes Pages,Storage Pocket,Bookmark w Sticky Notes (Tree Seasons)</p><p> -14% 0FF </p><p>$29.95</p><a href="https://www.amazon.com/dp/B0FRNQDRCR?tag=eloabder-20&linkCode=osi&th=1&psc=1">View Product</a></div><div class="product"><a href="https://www.amazon.com/dp/B0DYBQWJ5S?tag=eloabder-20&linkCode=osi&th=1&psc=1"><img src="https://m.media-amazon.com/images/I/41UP6Ui7BjL._SL500_.jpg" alt="Product Image"></a><p>AT-A-GLANCE 2026 Appointment Book Planner, Weekly, 8" x 11", Large, Quarter-Hourly, DayMinder, Black (G5200026)</p><p> -45% 0FF </p><p>$15.87</p><a href="https://www.amazon.com/dp/B0DYBQWJ5S?tag=eloabder-20&linkCode=osi&th=1&psc=1">View Product</a></div><div class="product"><a href="https://www.amazon.com/dp/B0DJ8SXCR4?tag=eloabder-20&linkCode=osi&th=1&psc=1"><img src="https://m.media-amazon.com/images/I/41sRmmLvCsL._SL500_.jpg" alt="Product Image"></a><p>Planner 2025-2026, Weekly and Monthly Calendar Academic Planner (July 2025 - June 2026), Hardcover Teacher School Student Agenda with Tabs, Ideal for School Office Supplies, A5 (6.3" x 8.5") - Green</p><p> -25% 0FF </p><p>$8.99</p><a href="https://www.amazon.com/dp/B0DJ8SXCR4?tag=eloabder-20&linkCode=osi&th=1&psc=1">View Product</a></div><div class="product"><a href="https://www.amazon.com/dp/B0D2VW43KP?tag=eloabder-20&linkCode=osi&th=1&psc=1"><img src="https://m.media-amazon.com/images/I/41eyA1Q1U4L._SL500_.jpg" alt="Product Image"></a><p>Forvencer 2026 Planner, Hardcover Calendar Planner Weekly and Monthly, January 2026 - December 2026, 8.5" x 11", Spiral Agenda Book with Tabs, Exquisite Daily Journal with Inner Pocket, Organizer Notebook for Office Home School, A4 Size, Green</p><p> -41% 0FF </p><p>$9.99</p><a href="https://www.amazon.com/dp/B0D2VW43KP?tag=eloabder-20&linkCode=osi&th=1&psc=1">View Product</a></div>
<div class="product"><a href="https://www.amazon.com/dp/B0DYBYRY3R?tag=eloabder-20&linkCode=osi&th=1&psc=1"><img src="https://m.media-amazon.com/images/I/41oxPcKnCuL._SL500_.jpg" alt="Product Image"></a><p>AT-A-GLANCE 2026 Desk Calendar, Monthly, Desk Pad, 21-3/4" x 17", Large, Ruled Blocks (SK240026)</p><p> -19% 0FF </p><p>$11.89</p><a href="https://www.amazon.com/dp/B0DYBYRY3R?tag=eloabder-20&linkCode=osi&th=1&psc=1">View Product</a></div><div class="product"><a href="https://www.amazon.com/dp/B0DXQ416QR?tag=eloabder-20&linkCode=osi&th=1&psc=1"><img src="https://m.media-amazon.com/images/I/41o3YUjfIVL._SL500_.jpg" alt="Product Image"></a><p>Aesthetic 2025-2026 Wall Calendar - Runs from May 2025 Until December 2026 - The Perfect Modern Calendar Planner for Easy Organizing</p><p> -43% 0FF </p><p>$3.99</p><a href="https://www.amazon.com/dp/B0DXQ416QR?tag=eloabder-20&linkCode=osi&th=1&psc=1">View Product</a></div><div class="product"><a href="https://www.amazon.com/dp/B0CCRXKSK8?tag=eloabder-20&linkCode=osi&th=1&psc=1"><img src="https://m.media-amazon.com/images/I/51eOdkimr+L._SL500_.jpg" alt="Product Image"></a><p>SUNEE Wall Calendar 2025-2026 Large 22.75"x15.5", 21 Month Calendar from October 2025 to June 2027, Vertical Extra Large Monthly Calendar 2026 for Wall, Seasons Color</p><p> -24% 0FF </p><p>$15.19</p><a href="https://www.amazon.com/dp/B0CCRXKSK8?tag=eloabder-20&linkCode=osi&th=1&psc=1">View Product</a></div><div class="product"><a href="https://www.amazon.com/dp/B0F7HZ7C9G?tag=eloabder-20&linkCode=osi&th=1&psc=1"><img src="https://m.media-amazon.com/images/I/41rkKO18HGL._SL500_.jpg" alt="Product Image"></a><p>Beautiful 2025-2026 Wall Calendar - Runs from July 2025 until December 2026 – Large 14.5" x 11.5" Office Wall Calendar for Easy Organizing</p><p> -10% 0FF </p><p>$8.99</p><a href="https://www.amazon.com/dp/B0F7HZ7C9G?tag=eloabder-20&linkCode=osi&th=1&psc=1">View Product</a></div><div class="product"><a href="https://www.amazon.com/dp/B0DYDC7ZLV?tag=eloabder-20&linkCode=osi&th=1&psc=1"><img src="https://m.media-amazon.com/images/I/51MOLWJ45HL._SL500_.jpg" alt="Product Image"></a><p>XISIDO 2025-2026 Wall Calendar, Calendar 2025-2026, 18 Month Calendar July 2025 - December 2026, 14.8" X 11.5", Calendar with Twin-Wire Binding, Hanging Hook and Julian Dates (Seasonal Designs)</p><p> -20% 0FF </p><p>$7.99</p><a href="https://www.amazon.com/dp/B0DYDC7ZLV?tag=eloabder-20&linkCode=osi&th=1&psc=1">View Product</a></div><div class="product"><a href="https://www.amazon.com/dp/B0D2KCVBBD?tag=eloabder-20&linkCode=osi&th=1&psc=1"><img src="https://m.media-amazon.com/images/I/51Eg-3ZKZxL._SL500_.jpg" alt="Product Image"></a><p>XISIDO Calendar 2025-2026, 18 Months Wall Calendar July 2025 to Dec 2026 Calendar with Julian Dates, 11" X 8.5" (Colorful)</p><p> -33% 0FF </p><p>$3.99</p><a href="https://www.amazon.com/dp/B0D2KCVBBD?tag=eloabder-20&linkCode=osi&th=1&psc=1">View Product</a></div><div class="product"><a href="https://www.amazon.com/dp/B0DY7R9226?tag=eloabder-20&linkCode=osi&th=1&psc=1"><img src="https://m.media-amazon.com/images/I/41eTUjCfzFL._SL500_.jpg" alt="Product Image"></a><p>Lbylyhxc Wall Calendar 2025-2026 - Runs from July 2025 to December 2026-18 Monthly Calendar 2026. Thick Paper includes major holidays and dedicated space for notes and important dates (Colorful Calendar 2025-2026)</p><p> -50% 0FF </p><p>$2.49</p><a href="https://www.amazon.com/dp/B0DY7R9226?tag=eloabder-20&linkCode=osi&th=1&psc=1">View Product</a></div>
<div class="product"><a href="https://www.amazon.com/dp/B00NI5LVAW?tag=eloabder-20&linkCode=osi&th=1&psc=1"><img src="https://m.media-amazon.com/images/I/31X0RgqQ1ML._SL500_.jpg" alt="Product Image"></a><p>Pendaflex File Folders, Letter Size, 1/3 Cut, Manila, 250 per Box (752250)</p><p> -11% 0FF </p><p>$26.50</p><a href="https://www.amazon.com/dp/B00NI5LVAW?tag=eloabder-20&linkCode=osi&th=1&psc=1">View Product</a></div><div class="product"><a href="https://www.amazon.com/dp/B0D1YBFHS8?tag=eloabder-20&linkCode=osi&th=1&psc=1"><img src="https://m.media-amazon.com/images/I/41qkHxiS+vL._SL500_.jpg" alt="Product Image"></a><p>SUNEE File Folders, 30 Pack Manilla Folders 8.5 x 11, Colored File Folders Home Office School Supplies for Documents Files Paper, 6 Assorted Colors</p><p> -26% 0FF </p><p>$9.99</p><a href="https://www.amazon.com/dp/B0D1YBFHS8?tag=eloabder-20&linkCode=osi&th=1&psc=1">View Product</a></div><div class="product"><a href="https://www.amazon.com/dp/B000DZ9XGO?tag=eloabder-20&linkCode=osi&th=1&psc=1"><img src="https://m.media-amazon.com/images/I/31WKzTB-4WL._SL500_.jpg" alt="Product Image"></a><p>Oxford Two-Pocket Folders, Assorted Colors, Letter Size, 25 per box (57513)</p><p> -32% 0FF </p><p>$12.23</p><a href="https://www.amazon.com/dp/B000DZ9XGO?tag=eloabder-20&linkCode=osi&th=1&psc=1">View Product</a></div><div class="product"><a href="https://www.amazon.com/dp/B0F8H75MLS?tag=eloabder-20&linkCode=osi&th=1&psc=1"><img src="https://m.media-amazon.com/images/I/41GV18+8+zL._SL500_.jpg" alt="Product Image"></a><p>Plastic Folders with Pockets, 6 Pack Document Folders with Business Card Slot, 2 Pocket Folders Back to School Supplies for Kids, Office</p><p> -33% 0FF </p><p>$5.99</p><a href="https://www.amazon.com/dp/B0F8H75MLS?tag=eloabder-20&linkCode=osi&th=1&psc=1">View Product</a></div><div class="product"><a href="https://www.amazon.com/dp/B0CPDTKFVF?tag=eloabder-20&linkCode=osi&th=1&psc=1"><img src="https://m.media-amazon.com/images/I/41PQ8ToLyhL._SL500_.jpg" alt="Product Image"></a><p>Aegero Plastic Folders with Pockets (7 Pack, Assorted Colors), Durable Heavy Duty File Folders with Business Card Slot, 2-Pocket Folder for Schoolwork & Office,Letter Size…</p><p> -11% 0FF </p><p>$7.99</p><a href="https://www.amazon.com/dp/B0CPDTKFVF?tag=eloabder-20&linkCode=osi&th=1&psc=1">View Product</a></div>
<div class="product"><a href="https://www.amazon.com/dp/B0CSPT4RFH?tag=eloabder-20&linkCode=osi&th=1&psc=1"><img src="https://m.media-amazon.com/images/I/31O8kdFg7FL._SL500_.jpg" alt="Product Image"></a><p>Two Tone Color File Folders 8.5 x 11 Inch, 1/3 Cut Tab File Folders Letter Size, Assorted Colors, Blue Red Green Yellow Orange Manila File Folders, School Business Office Folders for Document -15 Pack</p><p> -13% 0FF </p><p>$6.99</p><a href="https://www.amazon.com/dp/B0CSPT4RFH?tag=eloabder-20&linkCode=osi&th=1&psc=1">View Product</a></div><div class="product"><a href="https://www.amazon.com/dp/B01MXC0YS5?tag=eloabder-20&linkCode=osi&th=1&psc=1"><img src="https://m.media-amazon.com/images/I/41YLerNwKTL._SL500_.jpg" alt="Product Image"></a><p>Pendaflex Hanging File Folders, Letter Size, Assorted Colors, 1/5-Cut Adjustable Tabs, 25 Per Box (81663)</p><p> -7% 0FF </p><p>$13.99</p><a href="https://www.amazon.com/dp/B01MXC0YS5?tag=eloabder-20&linkCode=osi&th=1&psc=1">View Product</a></div><div class="product"><a href="https://www.amazon.com/dp/B0896Q5MMC?tag=eloabder-20&linkCode=osi&th=1&psc=1"><img src="https://m.media-amazon.com/images/I/41jDOLSqtWL._SL500_.jpg" alt="Product Image"></a><p>Pendaflex Two Tone Color File Folders, Letter Size, Assorted Colors (Teal, Violet, Gray, Navy and Burgundy), 1/3-Cut Tabs, 5 Color, 100/Box, (02315)</p><p> -27% 0FF </p><p>$13.89</p><a href="https://www.amazon.com/dp/B0896Q5MMC?tag=eloabder-20&linkCode=osi&th=1&psc=1">View Product</a></div><div class="product"><a href="https://www.amazon.com/dp/B0D1YCC6KK?tag=eloabder-20&linkCode=osi&th=1&psc=1"><img src="https://m.media-amazon.com/images/I/31aHHvZVc+L._SL500_.jpg" alt="Product Image"></a><p>SUNEE File Folders, 30 Pack Manilla Folders 8.5 x 11, Colored File Folders Home Office School Supplies for Documents Files Paper,6 Pastel Colors</p><p> -26% 0FF </p><p>$9.99</p><a href="https://www.amazon.com/dp/B0D1YCC6KK?tag=eloabder-20&linkCode=osi&th=1&psc=1">View Product</a></div>
<div class="product"><a href="https://www.amazon.com/dp/B0FGXLHFDD?tag=eloabder-20&linkCode=osi&th=1&psc=1"><img src="https://m.media-amazon.com/images/I/414ng1TKsOL._SL500_.jpg" alt="Product Image"></a><p>Trandraft Plastic Extra Capacity Hanging File Folders, 5 Inch Expanding Pocket with Movable Dividers, Letter Size Black File Folders with Insertable Tabs for Filing Cabine</p><p> -5% 0FF </p><p>$18.99</p><a href="https://www.amazon.com/dp/B0FGXLHFDD?tag=eloabder-20&linkCode=osi&th=1&psc=1">View Product</a></div><div class="product"><a href="https://www.amazon.com/dp/B08QTW4GJT?tag=eloabder-20&linkCode=osi&th=1&psc=1"><img src="https://m.media-amazon.com/images/I/41OVgNttdnL._SL500_.jpg" alt="Product Image"></a><p>Pendaflex Reinforced Hanging Folders, Letter Size, Assorted Colors 1/5 Cut, Tabs and Inserts, 25 Per Box (41522AMZ)</p><p> -32% 0FF </p><p>$13.99</p><a href="https://www.amazon.com/dp/B08QTW4GJT?tag=eloabder-20&linkCode=osi&th=1&psc=1">View Product</a></div><div class="product"><a href="https://www.amazon.com/dp/B07Y67ZCJS?tag=eloabder-20&linkCode=osi&th=1&psc=1"><img src="https://m.media-amazon.com/images/I/51g37Wkw2CL._SL500_.jpg" alt="Product Image"></a><p>EASEPRES 5 Pocket Mesh Hanging Wall File Organizer, Wall Mounted Mail Paper Document Folder Holder, Clipboard Storage Organization Magazine Rack with Nametag Label for Office Home School, Black</p><p> -30% 0FF </p><p>$22.99</p><a href="https://www.amazon.com/dp/B07Y67ZCJS?tag=eloabder-20&linkCode=osi&th=1&psc=1">View Product</a></div><div class="product"><a href="https://www.amazon.com/dp/B0CGWNNBCV?tag=eloabder-20&linkCode=osi&th=1&psc=1"><img src="https://m.media-amazon.com/images/I/31SGzCfPDcL._SL500_.jpg" alt="Product Image"></a><p>SUNEE 25 Count Hanging File Folders, Pastel Colors, Hanging File Folders Letter Size, Hanging Folders with 1/5-cut Tabs, Designed for Bulky Files, Filing Cabinets, Medical Charts</p><p> -15% 0FF </p><p>$16.99</p><a href="https://www.amazon.com/dp/B0CGWNNBCV?tag=eloabder-20&linkCode=osi&th=1&psc=1">View Product</a></div><div class="product"><a href="https://www.amazon.com/dp/B00006IF4G?tag=eloabder-20&linkCode=osi&th=1&psc=1"><img src="https://m.media-amazon.com/images/I/31LuYqWSObL._SL500_.jpg" alt="Product Image"></a><p>Smead Standard Hanging File Folders, 25 Count, Assorted Primaries, 1/5-Cut Adjustable Tabs, Letter Size (64059)</p><p> -7% 0FF </p><p>$13.55</p><a href="https://www.amazon.com/dp/B00006IF4G?tag=eloabder-20&linkCode=osi&th=1&psc=1">View Product</a></div>
<div class="product"><a href="https://www.amazon.com/dp/B0C77GP9XB?tag=eloabder-20&linkCode=osi&th=1&psc=1"><img src="https://m.media-amazon.com/images/I/415Jszg3LKL._SL500_.jpg" alt="Product Image"></a><p>SKYDUE Expanding File Organizer with 8 Pockets, Accordion File Folders with Labels, Portable Document Paper Bill Receipt Organizer, Home College School Office Supplies, Letter Size, Blue</p><p> -13% 0FF </p><p>$6.98</p><a href="https://www.amazon.com/dp/B0C77GP9XB?tag=eloabder-20&linkCode=osi&th=1&psc=1">View Product</a></div><div class="product"><a href="https://www.amazon.com/dp/B0013CETUQ?tag=eloabder-20&linkCode=osi&th=1&psc=1"><img src="https://m.media-amazon.com/images/I/51GxTzd4XbL._SL500_.jpg" alt="Product Image"></a><p>Pendaflex R217DHD Heavy-Duty Expanding Open Top File, 31 Pockets, 1/3 Tab, Letter, Brown</p><p> -36% 0FF </p><p>$15.90</p><a href="https://www.amazon.com/dp/B0013CETUQ?tag=eloabder-20&linkCode=osi&th=1&psc=1">View Product</a></div><div class="product"><a href="https://www.amazon.com/dp/B000UHJCZC?tag=eloabder-20&linkCode=osi&th=1&psc=1"><img src="https://m.media-amazon.com/images/I/31bbG1gUU2L._SL500_.jpg" alt="Product Image"></a><p>Pendaflex Expanding File Pockets, Letter Size, Redrope, 3.5" Expansion, Reinforced with DuPont™ Tyvek® Material, Redrope, 25 per Box (1524E-OX)</p><p> -9% 0FF </p><p>$27.37</p><a href="https://www.amazon.com/dp/B000UHJCZC?tag=eloabder-20&linkCode=osi&th=1&psc=1">View Product</a></div><div class="product"><a href="https://www.amazon.com/dp/B000FD9YHM?tag=eloabder-20&linkCode=osi&th=1&psc=1"><img src="https://m.media-amazon.com/images/I/511Yz6zbRaL._SL500_.jpg" alt="Product Image"></a><p>Pendaflex Heavy Duty Expanding File with Extra-Thick Cover, Tyvek Reinforced Edges, 21 Pockets, A–Z Tabs, Elastic Cord Closure, Letter Size (R117ALHD),Brown</p><p> -14% 0FF </p><p>$14.99</p><a href="https://www.amazon.com/dp/B000FD9YHM?tag=eloabder-20&linkCode=osi&th=1&psc=1">View Product</a></div>
<div class="product"><a href="https://www.amazon.com/dp/B07GKPZDG4?tag=eloabder-20&linkCode=osi&th=1&psc=1"><img src="https://m.media-amazon.com/images/I/51sUuF8kU-L._SL500_.jpg" alt="Product Image"></a><p>Cardinal Economy 3 Ring Binder, 1.5 Inch, Presentation View, Black, Holds 350 Sheets, Nonstick, PVC Free, 4 Pack of Binders (79519)</p><p> -42% 0FF </p><p>$9.19</p><a href="https://www.amazon.com/dp/B07GKPZDG4?tag=eloabder-20&linkCode=osi&th=1&psc=1">View Product</a></div><div class="product"><a href="https://www.amazon.com/dp/B0BF57LL4V?tag=eloabder-20&linkCode=osi&th=1&psc=1"><img src="https://m.media-amazon.com/images/I/317fBolZ+4L._SL500_.jpg" alt="Product Image"></a><p>1-inch 3 Ring Binder with 2 Interior Pockets, 1'' Basic Binders Holds US Letter Size 8.5'' x 11'' Paper - Versatile Binders for Office, Home, and School Use, 6 Pack (White)</p><p> -15% 0FF </p><p>$24.64</p><a href="https://www.amazon.com/dp/B0BF57LL4V?tag=eloabder-20&linkCode=osi&th=1&psc=1">View Product</a></div><div class="product"><a href="https://www.amazon.com/dp/B0BXKQ7YTW?tag=eloabder-20&linkCode=osi&th=1&psc=1"><img src="https://m.media-amazon.com/images/I/416TyBdEZYL._SL500_.jpg" alt="Product Image"></a><p>SUNEE 3 Ring Binder 1 Inch 4 Pack, Clear View 1" Binders Three Ring PVC-Free (Fit 8.5x11 Inches) for School or Office Supplies, Assorted Pastel</p><p> -17% 0FF </p><p>$14.85</p><a href="https://www.amazon.com/dp/B0BXKQ7YTW?tag=eloabder-20&linkCode=osi&th=1&psc=1">View Product</a></div><div class="product"><a href="https://www.amazon.com/dp/B0D2ZF8FHZ?tag=eloabder-20&linkCode=osi&th=1&psc=1"><img src="https://m.media-amazon.com/images/I/31smaJgK7vL._SL500_.jpg" alt="Product Image"></a><p>BinderX Extra Durable 3 Ring Binder, Round Rings 1 Inch Binder, Fits 175 Sheets of 8.5x11 Paper, Customizable View Cover with Inside Pockets, Cute 1" Binders, 1 Inch Binders 3 Ring, Pink</p><p> -36% 0FF </p><p>$8.99</p><a href="https://www.amazon.com/dp/B0D2ZF8FHZ?tag=eloabder-20&linkCode=osi&th=1&psc=1">View Product</a></div><div class="product"><a href="https://www.amazon.com/dp/B001B0GJDU?tag=eloabder-20&linkCode=osi&th=1&psc=1"><img src="https://m.media-amazon.com/images/I/41vpkaYBqsL._SL500_.jpg" alt="Product Image"></a><p>Avery Heavy-Duty View 3 Ring Binder, 1" One Touch Slant Rings, Holds 8.5" x 11" Paper, 1 Black Binder (05300)</p><p> -46% 0FF </p><p>$5.89</p><a href="https://www.amazon.com/dp/B001B0GJDU?tag=eloabder-20&linkCode=osi&th=1&psc=1">View Product</a></div>
<div class="product"><a href="https://www.amazon.com/dp/B092CM3KVX?tag=eloabder-20&linkCode=osi&th=1&psc=1"><img src="https://m.media-amazon.com/images/I/51kltWaLgmL._SL500_.jpg" alt="Product Image"></a><p>Avery Write & Erase Dividers for 3 Ring Binders, 8 Tabs per Set, Multicolor Big Tabs, Pastels, Binder Dividers Great for Organizing Reports, Projects, and More (16271)</p><p> -31% 0FF </p><p>$3.90</p><a href="https://www.amazon.com/dp/B092CM3KVX?tag=eloabder-20&linkCode=osi&th=1&psc=1">View Product</a></div><div class="product"><a href="https://www.amazon.com/dp/B08WBYPVGJ?tag=eloabder-20&linkCode=osi&th=1&psc=1"><img src="https://m.media-amazon.com/images/I/31NPQ52TfAL._SL500_.jpg" alt="Product Image"></a><p>Oxford Blank Write On Binder Dividers, 1/5 Cut Tabs, 3 Hole Punch Dividers in 5 Tab Sets, 100 Dividers, 20 Sets, White (89981)</p><p> -5% 0FF </p><p>$15.19</p><a href="https://www.amazon.com/dp/B08WBYPVGJ?tag=eloabder-20&linkCode=osi&th=1&psc=1">View Product</a></div><div class="product"><a href="https://www.amazon.com/dp/B0CZL39ZHS?tag=eloabder-20&linkCode=osi&th=1&psc=1"><img src="https://m.media-amazon.com/images/I/41APO6LBeCL._SL500_.jpg" alt="Product Image"></a><p>Forvencer 8 Count Dividers with Two Pockets, 8 tabs Binder Dividers for 3 Ring Binder Organizer, Multicolor, 1 Set</p><p> -25% 0FF </p><p>$5.99</p><a href="https://www.amazon.com/dp/B0CZL39ZHS?tag=eloabder-20&linkCode=osi&th=1&psc=1">View Product</a></div><div class="product"><a href="https://www.amazon.com/dp/B01FKMCNL6?tag=eloabder-20&linkCode=osi&th=1&psc=1"><img src="https://m.media-amazon.com/images/I/510vgT9G85L._SL500_.jpg" alt="Product Image"></a><p>Avery Binder Dividers - 5-Tab Insertable Multicolor Big Tabs for Binders, 6 Sets of Dividers (11109)</p><p> -11% 0FF </p><p>$5.78</p><a href="https://www.amazon.com/dp/B01FKMCNL6?tag=eloabder-20&linkCode=osi&th=1&psc=1">View Product</a></div><div class="product"><a href="https://www.amazon.com/dp/B0CQ4YNHX8?tag=eloabder-20&linkCode=osi&th=1&psc=1"><img src="https://m.media-amazon.com/images/I/315hb+NtGGL._SL500_.jpg" alt="Product Image"></a><p>Binder Dividers for 3 Ring Binder, 1/5 Cut Tabs, Letter Size, Blank Write On Page Dividers with 5 Big Tabs for School Office Home, 4 Sets, 20 Dividers, White</p><p> -14% 0FF </p><p>$5.98</p><a href="https://www.amazon.com/dp/B0CQ4YNHX8?tag=eloabder-20&linkCode=osi&th=1&psc=1">View Product</a></div><div class="product"><a href="https://www.amazon.com/dp/B01HC4KIVW?tag=eloabder-20&linkCode=osi&th=1&psc=1"><img src="https://m.media-amazon.com/images/I/412g1OcKv-L._SL500_.jpg" alt="Product Image"></a><p>Avery Big Tab Write & Erase Durable Plastic Dividers for 3 Ring Binders, 8-Tab Set, Bright Multicolor, 1 Set (16130)</p><p> -23% 0FF </p><p>$4.33</p><a href="https://www.amazon.com/dp/B01HC4KIVW?tag=eloabder-20&linkCode=osi&th=1&psc=1">View Product</a></div><div class="product"><a href="https://www.amazon.com/dp/B0000AQOB0?tag=eloabder-20&linkCode=osi&th=1&psc=1"><img src="https://m.media-amazon.com/images/I/51ek4ZNke4L._SL500_.jpg" alt="Product Image"></a><p>Avery 12 Tab Dividers for 3 Ring Binders, Customizable Table of Contents, Multicolor Tabs, 6 Sets (11196)</p><p> -36% 0FF </p><p>$17.99</p><a href="https://www.amazon.com/dp/B0000AQOB0?tag=eloabder-20&linkCode=osi&th=1&psc=1">View Product</a></div>
<div class="product"><a href="https://www.amazon.com/dp/B07R795LTM?tag=eloabder-20&linkCode=osi&th=1&psc=1"><img src="https://m.media-amazon.com/images/I/31OAmU6E5kL._SL500_.jpg" alt="Product Image"></a><p>Amazon Basics Polypropylene (PP) Sheet Protector, Non-Glare, 200 Pack, Clear</p><p> -13% 0FF </p><p>$10.40</p><a href="https://www.amazon.com/dp/B07R795LTM?tag=eloabder-20&linkCode=osi&th=1&psc=1">View Product</a></div><div class="product"><a href="https://www.amazon.com/dp/B0D62ZBV24?tag=eloabder-20&linkCode=osi&th=1&psc=1"><img src="https://m.media-amazon.com/images/I/41n9XbYoyhL._SL500_.jpg" alt="Product Image"></a><p>Aegero 65 Pack Clear Sheet Protectors, 8.5 x 11 inch Page Protectors for 3 Ring Binder,Top Loading Paper Protector for Documents and Photos,Letter Size</p><p> -20% 0FF </p><p>$3.99</p><a href="https://www.amazon.com/dp/B0D62ZBV24?tag=eloabder-20&linkCode=osi&th=1&psc=1">View Product</a></div><div class="product"><a href="https://www.amazon.com/dp/B08CMG5MCB?tag=eloabder-20&linkCode=osi&th=1&psc=1"><img src="https://m.media-amazon.com/images/I/410BZVBSLLL._SL500_.jpg" alt="Product Image"></a><p>Sheet Protectors, PANDRI 500 Pack Clear Heavy Duty Plastic Page Protectors Sheet Reinforced 11-Hole Fit for 3 Ring Binder Fits Standard 8.5 x 11 Paper, 9.25 x 11.25 Top Loaded, Excluding Acid</p><p> -15% 0FF </p><p>$22.94</p><a href="https://www.amazon.com/dp/B08CMG5MCB?tag=eloabder-20&linkCode=osi&th=1&psc=1">View Product</a></div><div class="product"><a href="https://www.amazon.com/dp/B0DZ6J73VW?tag=eloabder-20&linkCode=osi&th=1&psc=1"><img src="https://m.media-amazon.com/images/I/41NNzcs8bsL._SL500_.jpg" alt="Product Image"></a><p>TUOKCALB 50 Pack Clear Sheet Protectors for 3 Ring Binder, Polypropylene Acid-Free Material, 8.5 x 11 Inch Letter Size, Protector of Your Documents</p><p> -18% 0FF </p><p>$3.29</p><a href="https://www.amazon.com/dp/B0DZ6J73VW?tag=eloabder-20&linkCode=osi&th=1&psc=1">View Product</a></div><div class="product"><a href="https://www.amazon.com/dp/B0D294F9GZ?tag=eloabder-20&linkCode=osi&th=1&psc=1"><img src="https://m.media-amazon.com/images/I/41szN7I4ozL._SL500_.jpg" alt="Product Image"></a><p>Sheet Protectors 8.5 x11 Inch, 100 Pack Page Protectors for 3 Ring Binder, Top Loading Plastic Sleeves with Reinforced 3-Hole Punch for Binders, Letter Size, for Documents and Photos, Office Supplies.</p><p> -23% 0FF </p><p>$9.99</p><a href="https://www.amazon.com/dp/B0D294F9GZ?tag=eloabder-20&linkCode=osi&th=1&psc=1">View Product</a></div><div class="product"><a href="https://www.amazon.com/dp/B0D59XF4D3?tag=eloabder-20&linkCode=osi&th=1&psc=1"><img src="https://m.media-amazon.com/images/I/41EpBhN87iL._SL500_.jpg" alt="Product Image"></a><p>DOSEWART 70Pack Sheet Protectors, Clear Heavy Duty Plastic Page Protectors for 3 Ring Binder, Top Loading Sheet Protectors 8.5 x 11” for Photo, Paper, Document Protector</p><p> -43% 0FF </p><p>$3.99</p><a href="https://www.amazon.com/dp/B0D59XF4D3?tag=eloabder-20&linkCode=osi&th=1&psc=1">View Product</a></div>
<div class="product"><a href="https://www.amazon.com/dp/B000T9MP5U?tag=eloabder-20&linkCode=osi&th=1&psc=1"><img src="https://m.media-amazon.com/images/I/41zOycTbMML._SL500_.jpg" alt="Product Image"></a><p>Mead #10 Security Business Envelopes Letter Size 4-1/8" x 9-1/2" – Peel and Seal, Privacy Lined, No-Window, Press-It Seal-It Self-Adhesive for Home & Office Mailing, 45 Count (75026)</p><p> -13% 0FF </p><p>$3.57</p><a href="https://www.amazon.com/dp/B000T9MP5U?tag=eloabder-20&linkCode=osi&th=1&psc=1">View Product</a></div><div class="product"><a href="https://www.amazon.com/dp/B06VVLD2GL?tag=eloabder-20&linkCode=osi&th=1&psc=1"><img src="https://m.media-amazon.com/images/I/11zBoWnx9uL._SL500_.jpg" alt="Product Image"></a><p>Amazon Basics 10 Security-Tinted Self-Seal Business Letter Envelopes, Peel & Seal Adhesive Closure, White, 500-Pack</p><p> -5% 0FF </p><p>$18.04</p><a href="https://www.amazon.com/dp/B06VVLD2GL?tag=eloabder-20&linkCode=osi&th=1&psc=1">View Product</a></div><div class="product"><a href="https://www.amazon.com/dp/B07FMDV5LR?tag=eloabder-20&linkCode=osi&th=1&psc=1"><img src="https://m.media-amazon.com/images/I/41jTu3FDgaL._SL500_.jpg" alt="Product Image"></a><p>Quality Park #6 3/4 Self-Seal Security Envelopes, Security Tint and Pattern, Redi-Strip Closure, 24-lb White Wove, 3-5/8 x 6-1/2, 100/Box (QUA10417)</p><p> -23% 0FF </p><p>$4.99</p><a href="https://www.amazon.com/dp/B07FMDV5LR?tag=eloabder-20&linkCode=osi&th=1&psc=1">View Product</a></div>
<div class="product"><a href="https://www.amazon.com/dp/B00004Z5SM?tag=eloabder-20&linkCode=osi&th=1&psc=1"><img src="https://m.media-amazon.com/images/I/41LHX+FB2PL._SL500_.jpg" alt="Product Image"></a><p>Avery Easy Peel Printable Address Labels with Sure Feed, 1" x 2-5/8" Customizable Stickers, White, 750 Blank Mailing Labels, Great for Mailing, Shipping, and More (8160)</p><p> -48% 0FF </p><p>$8.99</p><a href="https://www.amazon.com/dp/B00004Z5SM?tag=eloabder-20&linkCode=osi&th=1&psc=1">View Product</a></div><div class="product"><a href="https://www.amazon.com/dp/B089LHX8Q6?tag=eloabder-20&linkCode=osi&th=1&psc=1"><img src="https://m.media-amazon.com/images/I/41+HcHENwbL._SL500_.jpg" alt="Product Image"></a><p>KKBESTPACK Half Sheet Shipping Labels for Laser and Inkjet Printers – 2 Per Page Self Adhesive Mailing Labels – White 8.5 x 5.5 (200 Labels) (2LP)</p><p> -10% 0FF </p><p>$9.86</p><a href="https://www.amazon.com/dp/B089LHX8Q6?tag=eloabder-20&linkCode=osi&th=1&psc=1">View Product</a></div><div class="product"><a href="https://www.amazon.com/dp/B001SN8ITI?tag=eloabder-20&linkCode=osi&th=1&psc=1"><img src="https://m.media-amazon.com/images/I/51vJip236KL._SL500_.jpg" alt="Product Image"></a><p>Avery Easy Peel Printable Address Labels with Sure Feed, 1" x 2-5/8" Customizable Stickers, White, 300 Blank Mailing Labels, Great for Mailing, Shipping, and More (18160)</p><p> -38% 0FF </p><p>$5.54</p><a href="https://www.amazon.com/dp/B001SN8ITI?tag=eloabder-20&linkCode=osi&th=1&psc=1">View Product</a></div><div class="product"><a href="https://www.amazon.com/dp/B0C2P8YTW2?tag=eloabder-20&linkCode=osi&th=1&psc=1"><img src="https://m.media-amazon.com/images/I/51EeHFqmTKL._SL500_.jpg" alt="Product Image"></a><p>FungLam 1" x 2-5/8" Shipping Address Labels 900 Label Stickers Paper for Laser/Inkjet Printer 30 per Page Printable Mailing Labels (30 Sheets, 900 Labels)</p><p> -25% 0FF </p><p>$5.99</p><a href="https://www.amazon.com/dp/B0C2P8YTW2?tag=eloabder-20&linkCode=osi&th=1&psc=1">View Product</a></div>
<div class="product"><a href="https://www.amazon.com/dp/B07X41JJXB?tag=eloabder-20&linkCode=osi&th=1&psc=1"><img src="https://m.media-amazon.com/images/I/31V4rpfdGtL._SL500_.jpg" alt="Product Image"></a><p>KKBESTPACK 100 Large Poly Mailers 10x13 Shipping Bags for Small Business – Self Sealing Package Envelopes (10 x 13 Pack of 100, Black)</p><p> -10% 0FF </p><p>$8.94 ($0.09 / Count)</p><a href="https://www.amazon.com/dp/B07X41JJXB?tag=eloabder-20&linkCode=osi&th=1&psc=1">View Product</a></div><div class="product"><a href="https://www.amazon.com/dp/B08C9T3997?tag=eloabder-20&linkCode=osi&th=1&psc=1"><img src="https://m.media-amazon.com/images/I/41CMEDIsQEL._SL500_.jpg" alt="Product Image"></a><p>Anylabel 2" x 3" Fragile Stickers for Shipping and Moving Please Handle with Care Fragile Thank You Do Not Drop, Warning Stickers Fragile Labels, Permanent Adhesive(500 Labels, 1 Roll)</p><p> -33% 0FF </p><p>$5.99</p><a href="https://www.amazon.com/dp/B08C9T3997?tag=eloabder-20&linkCode=osi&th=1&psc=1">View Product</a></div>

<div class="product"><a href="https://www.amazon.com/dp/B07S1JPBL3?tag=eloabder-20&linkCode=osi&th=1&psc=1"><img src="https://m.media-amazon.com/images/I/31f-QQIYroL._SL500_.jpg" alt="Product Image"></a><p>Amazon Basics Bubble Cushioning Wrap Packing Material for Fragile Items, Perforated, 12 inch x 175 ft Long Roll, Small 3/16", Clear</p><p> -6% 0FF </p><p>$21.99</p><a href="https://www.amazon.com/dp/B07S1JPBL3?tag=eloabder-20&linkCode=osi&th=1&psc=1">View Product</a></div><div class="product"><a href="https://www.amazon.com/dp/B0829D1D7V?tag=eloabder-20&linkCode=osi&th=1&psc=1"><img src="https://m.media-amazon.com/images/I/41azI2zaEYL._SL500_.jpg" alt="Product Image"></a><p>Bubble Cushioning Wrap Rolls, 3/16" x 12" x 72' ft Total [2 Rolls of 36 Feet] Perforated Every 12", 20 Fragile Stickers for Packaging, Shipping, Mailing</p><p> -14% 0FF </p><p>$18.99 ($9.50 / Count)</p><a href="https://www.amazon.com/dp/B0829D1D7V?tag=eloabder-20&linkCode=osi&th=1&psc=1">View Product</a></div><div class="product"><a href="https://www.amazon.com/dp/B011TB3UF0?tag=eloabder-20&linkCode=osi&th=1&psc=1"><img src="https://m.media-amazon.com/images/I/413RZYGr8kL._SL500_.jpg" alt="Product Image"></a><p>Duck Brand Bubble Wrap Original Protective Packaging, 12 Inches Wide x 30-Feet Long, Single Roll (393251), Clear</p><p> -26% 0FF </p><p>$8.85 ($0.30 / Sq Ft)</p><a href="https://www.amazon.com/dp/B011TB3UF0?tag=eloabder-20&linkCode=osi&th=1&psc=1">View Product</a></div>
<div class="product"><a href="https://www.amazon.com/dp/B016CV811U?tag=eloabder-20&linkCode=osi&th=1&psc=1"><img src="https://m.media-amazon.com/images/I/21hieSulLcL._SL500_.jpg" alt="Product Image"></a><p>MFLABEL Half Sheet Shipping Labels - 200 Self Adhesive Sticker Sheets for Laser & Inkjet Printers, Waterproof & Smudge-Free, with 12 Free Fragile Labels for Packaging, Shipping and Crafting</p><p> -5% 0FF </p><p>$9.49</p><a href="https://www.amazon.com/dp/B016CV811U?tag=eloabder-20&linkCode=osi&th=1&psc=1">View Product</a></div><div class="product"><a href="https://www.amazon.com/dp/B000093IJY?tag=eloabder-20&linkCode=osi&th=1&psc=1"><img src="https://m.media-amazon.com/images/I/51QdWTqr3AL._SL500_.jpg" alt="Product Image"></a><p>Avery Printable Shipping Labels with Sure Feed, 3-1/3" x 4", White, 150 Blank Mailing Labels (5264)</p><p> -20% 0FF </p><p>$13.62</p><a href="https://www.amazon.com/dp/B000093IJY?tag=eloabder-20&linkCode=osi&th=1&psc=1">View Product</a></div>
<div class="product"><a href="https://www.amazon.com/dp/B0B41X9SMT?tag=eloabder-20&linkCode=osi&th=1&psc=1"><img src="https://m.media-amazon.com/images/I/41CPFzKfW6L._SL500_.jpg" alt="Product Image"></a><p>Primy Drafting Chair Tall Office Chair with Flip-up Armrests Executive Ergonomic Computer Standing Desk Chair with Lumbar Support and Adjustable Footrest Ring (Black)</p><p> -16% 0FF </p><p>$108.96</p><a href="https://www.amazon.com/dp/B0B41X9SMT?tag=eloabder-20&linkCode=osi&th=1&psc=1">View Product</a></div><div class="product"><a href="https://www.amazon.com/dp/B0BFQX3YFY?tag=eloabder-20&linkCode=osi&th=1&psc=1"><img src="https://m.media-amazon.com/images/I/51+-fixEMUL._SL500_.jpg" alt="Product Image"></a><p>BlissTrends Foot Rest for Under Desk at Work-Versatile Foot Stool with Washable Cover-Comfortable Footrest with 2 Adjustable Heights for Car,Home and Office to Relieve Back,Lumbar,Knee Pain-Black</p><p> -39% 0FF </p><p>$18.99</p><a href="https://www.amazon.com/dp/B0BFQX3YFY?tag=eloabder-20&linkCode=osi&th=1&psc=1">View Product</a></div>
<div class="product"><a href="https://www.amazon.com/dp/B0CT8ZJ7ZC?tag=eloabder-20&linkCode=osi&th=1&psc=1"><img src="https://m.media-amazon.com/images/I/311UeVa48fL._SL500_.jpg" alt="Product Image"></a><p>HP OfficeJet Pro 8125e Wireless All-in-One Color Inkjet Printer, Print, scan, Copy, ADF, Duplex Printing Best-for-Home Office, 3 Month Instant Ink Trial Included, AI-Enabled (405T6A)</p><p> -21% 0FF </p><p>$109.99</p><a href="https://www.amazon.com/dp/B0CT8ZJ7ZC?tag=eloabder-20&linkCode=osi&th=1&psc=1">View Product</a></div><div class="product"><a href="https://www.amazon.com/dp/B0F1NJ75D5?tag=eloabder-20&linkCode=osi&th=1&psc=1"><img src="https://m.media-amazon.com/images/I/31pX+mOBu5L._SL500_.jpg" alt="Product Image"></a><p>HP DeskJet 2827e Wireless All-in-One Color Inkjet Printer, Scanner, Copier, Best-for-Home, 3 Month Instant Ink Trial Included, AI-Enabled (6W7F5A)</p><p> -41% 0FF </p><p>$49.99</p><a href="https://www.amazon.com/dp/B0F1NJ75D5?tag=eloabder-20&linkCode=osi&th=1&psc=1">View Product</a></div><div class="product"><a href="https://www.amazon.com/dp/B096N8DN2H?tag=eloabder-20&linkCode=osi&th=1&psc=1"><img src="https://m.media-amazon.com/images/I/316Ru3Zv4bL._SL500_.jpg" alt="Product Image"></a><p>Epson EcoTank ET-2800 Wireless Color All-in-One Cartridge-Free Supertank Printer with Scan and Copy â€“ The Ideal Basic Home Printer - Black, Medium</p><p> -25% 0FF </p><p>$179.99</p><a href="https://www.amazon.com/dp/B096N8DN2H?tag=eloabder-20&linkCode=osi&th=1&psc=1">View Product</a></div><div class="product"><a href="https://www.amazon.com/dp/B0FGC43YCL?tag=eloabder-20&linkCode=osi&th=1&psc=1"><img src="https://m.media-amazon.com/images/I/41LqmhjzXHL._SL500_.jpg" alt="Product Image"></a><p>Brother Work Smart 1360 Wireless Color Inkjet All-in-One Printer with Automatic Duplex Printing and 1.8” Color Display | Includes Refresh Subscription Trial(1) (MFC-J1360DW) (Uses LC501 Series Inks)</p><p> -18% 0FF </p><p>$89.99</p><a href="https://www.amazon.com/dp/B0FGC43YCL?tag=eloabder-20&linkCode=osi&th=1&psc=1">View Product</a></div><div class="product"><a href="https://www.amazon.com/dp/B0D1DV6FV5?tag=eloabder-20&linkCode=osi&th=1&psc=1"><img src="https://m.media-amazon.com/images/I/31-ZgpCGxiL._SL500_.jpg" alt="Product Image"></a><p>Canon PIXMA TS3720 Wireless All-in-One Printer (6671C022)</p><p> -38% 0FF </p><p>$54.00</p><a href="https://www.amazon.com/dp/B0D1DV6FV5?tag=eloabder-20&linkCode=osi&th=1&psc=1">View Product</a></div><div class="product"><a href="https://www.amazon.com/dp/B0BSMSYM9N?tag=eloabder-20&linkCode=osi&th=1&psc=1"><img src="https://m.media-amazon.com/images/I/31jPKfRqWSL._SL500_.jpg" alt="Product Image"></a><p>Canon MegaTank G3270 All-in-One Wireless Inkjet Printer. for Home Use, Print, Scan and Copy</p><p> -36% 0FF </p><p>$159.99</p><a href="https://www.amazon.com/dp/B0BSMSYM9N?tag=eloabder-20&linkCode=osi&th=1&psc=1">View Product</a></div>
<div class="product"><a href="https://www.amazon.com/dp/B0010JEJPC?tag=eloabder-20&linkCode=osi&th=1&psc=1"><img src="https://m.media-amazon.com/images/I/41O8Dj93QSL._SL500_.jpg" alt="Product Image"></a><p>Scotch TL901X Thermal Laminator, 1 Laminating Machine, Gray, Laminate School Assignments and Documents, for Dorm Room or School Supplies, 9 in.</p><p> -8% 0FF </p><p>$36.67</p><a href="https://www.amazon.com/dp/B0010JEJPC?tag=eloabder-20&linkCode=osi&th=1&psc=1">View Product</a></div><div class="product"><a href="https://www.amazon.com/dp/B0FRY6Z23J?tag=eloabder-20&linkCode=osi&th=1&psc=1"><img src="https://m.media-amazon.com/images/I/510BRY6bwzL._SL500_.jpg" alt="Product Image"></a><p>A3 Laminator Machine,13 Inch 9-in-1 Laminating Machine with Laminating Sheets,Thermal Laminator Hot & Cold with Fast Warm Technology for Home,Office or School Supplies(Black)</p><p> -80% 0FF </p><p>$49.99</p><a href="https://www.amazon.com/dp/B0FRY6Z23J?tag=eloabder-20&linkCode=osi&th=1&psc=1">View Product</a></div><div class="product"><a href="https://www.amazon.com/dp/B00CLV8ZIU?tag=eloabder-20&linkCode=osi&th=1&psc=1"><img src="https://m.media-amazon.com/images/I/414Ubx6GcML._SL500_.jpg" alt="Product Image"></a><p>Scotch PRO TL906 Thermal, Laminator Machine, 1 Laminating Device, White/Blue, Laminate Recipe Cards, Photos, Documents, for Home, Office, or School Supplies, 9 in</p><p> -42% 0FF </p><p>$43.80</p><a href="https://www.amazon.com/dp/B00CLV8ZIU?tag=eloabder-20&linkCode=osi&th=1&psc=1">View Product</a></div><div class="product"><a href="https://www.amazon.com/dp/B0CGC1WTV1?tag=eloabder-20&linkCode=osi&th=1&psc=1"><img src="https://m.media-amazon.com/images/I/41znZqCgzkL._SL500_.jpg" alt="Product Image"></a><p>Scotch Thermal Laminator, Extra Wide 13 Inch Input, Ideal for Teachers, Small Offices, or Home (TL1302X)</p><p> -24% 0FF </p><p>$47.58</p><a href="https://www.amazon.com/dp/B0CGC1WTV1?tag=eloabder-20&linkCode=osi&th=1&psc=1">View Product</a></div><div class="product"><a href="https://www.amazon.com/dp/B0FFSRRYQQ?tag=eloabder-20&linkCode=osi&th=1&psc=1"><img src="https://m.media-amazon.com/images/I/41n+2Vb8m2L._SL500_.jpg" alt="Product Image"></a><p>Laminator Machine, A4 Laminators Hot & Cold with 20 Laminating Sheets and Trimmer, 9 Inch Laminating Machine for Office, School, Business and Home</p><p> -57% 0FF </p><p>$29.99</p><a href="https://www.amazon.com/dp/B0FFSRRYQQ?tag=eloabder-20&linkCode=osi&th=1&psc=1">View Product</a></div><div class="product"><a href="https://www.amazon.com/dp/B007VBXB48?tag=eloabder-20&linkCode=osi&th=1&psc=1"><img src="https://m.media-amazon.com/images/I/41h-uQWFewL._SL500_.jpg" alt="Product Image"></a><p>Scotch Thermal Laminating Pouches, for Use with Thermal Laminators, 8.9 x 11.4 Inches, Letter Size Sheets, 100-Pack</p><p> -43% 0FF </p><p>$11.37</p><a href="https://www.amazon.com/dp/B007VBXB48?tag=eloabder-20&linkCode=osi&th=1&psc=1">View Product</a></div>
<div class="product"><a href="https://www.amazon.com/dp/B0CZP66BTJ?tag=eloabder-20&linkCode=osi&th=1&psc=1"><img src="https://m.media-amazon.com/images/I/410wj1x5eIL._SL500_.jpg" alt="Product Image"></a><p>Sweetcrispy Ergonomic Office Chair Heavy Duty Task Desk Chair with Flip-up Arms, PU Leather, Adjustable Swivel Rolling Chair with Wheels, Beige</p><p> -18% 0FF </p><p>$89.99</p><a href="https://www.amazon.com/dp/B0CZP66BTJ?tag=eloabder-20&linkCode=osi&th=1&psc=1">View Product</a></div><div class="product"><a href="https://www.amazon.com/dp/B00OCSNMO2?tag=eloabder-20&linkCode=osi&th=1&psc=1"><img src="https://m.media-amazon.com/images/I/41ZHAgGzr3L._SL500_.jpg" alt="Product Image"></a><p>Staples Hyken Ergonomic Swivel Task Chair, Adjustable Office Chair with Breathable Mesh and Lumbar Support, Perfect for Home and Office, Black</p><p> -7% 0FF </p><p>$129.99</p><a href="https://www.amazon.com/dp/B00OCSNMO2?tag=eloabder-20&linkCode=osi&th=1&psc=1">View Product</a></div><div class="product"><a href="https://www.amazon.com/dp/B0DXKCKPJG?tag=eloabder-20&linkCode=osi&th=1&psc=1"><img src="https://m.media-amazon.com/images/I/41HHOkCkcsL._SL500_.jpg" alt="Product Image"></a><p>Sweetcrispy Executive Home Office Desk Chair - Ergonomic Big Tall High Back with Footrest & Lumbar Support, Reclining Height Adjustable, Comfy PU Leather Computer Gaming with Swivel Wheels, White</p><p> -9% 0FF </p><p>$182.96</p><a href="https://www.amazon.com/dp/B0DXKCKPJG?tag=eloabder-20&linkCode=osi&th=1&psc=1">View Product</a></div><div class="product"><a href="https://www.amazon.com/dp/B0BHY5C5PC?tag=eloabder-20&linkCode=osi&th=1&psc=1"><img src="https://m.media-amazon.com/images/I/410TtD7nw9L._SL500_.jpg" alt="Product Image"></a><p>NEO CHAIR Office Desk Computer Chair Ergonomic Executive Mid-Back Leather Gaming Chair with Adjustable Flip-Up Armrests Wheels Swivel for Home Study Task (Jet Black)</p><p> -30% 0FF </p><p>$69.98</p><a href="https://www.amazon.com/dp/B0BHY5C5PC?tag=eloabder-20&linkCode=osi&th=1&psc=1">View Product</a></div>

<div class="product"><a href="https://www.amazon.com/dp/B0033J6V3A?tag=eloabder-20&linkCode=osi&th=1&psc=1"><img src="https://m.media-amazon.com/images/I/21o5ASbichL._SL500_.jpg" alt="Product Image"></a><p>NuSparc 2 Drawer Locking Filing Cabinet | Pre-Assembled Steel Construction | Space-Saving Design is Perfect for Home and Small Office | Letter-Size | Assembled in North America</p><p> -14% 0FF </p><p>$76.99</p><a href="https://www.amazon.com/dp/B0033J6V3A?tag=eloabder-20&linkCode=osi&th=1&psc=1">View Product</a></div><div class="product"><a href="https://www.amazon.com/dp/B0D9XYD75W?tag=eloabder-20&linkCode=osi&th=1&psc=1"><img src="https://m.media-amazon.com/images/I/31VM3xK++PL._SL500_.jpg" alt="Product Image"></a><p>BYNSOE 2 Drawer File Cabinet with Lock Vertical Filing Storage Cabinet Office Home Steel Vertical File Cabinets for Letter Size File Cabinet Locked,Assembly Required</p><p> -8% 0FF </p><p>$54.99</p><a href="https://www.amazon.com/dp/B0D9XYD75W?tag=eloabder-20&linkCode=osi&th=1&psc=1">View Product</a></div><div class="product"><a href="https://www.amazon.com/dp/B0989HLF81?tag=eloabder-20&linkCode=osi&th=1&psc=1"><img src="https://m.media-amazon.com/images/I/51vzgnkbcjL._SL500_.jpg" alt="Product Image"></a><p>DEVAISE 3 Drawer Mobile File Cabinet, Wood Lateral Filing Cabinet, Printer Stand with Open Shelves for Home Office, Rustic Brown</p><p> -21% 0FF </p><p>$74.99</p><a href="https://www.amazon.com/dp/B0989HLF81?tag=eloabder-20&linkCode=osi&th=1&psc=1">View Product</a></div>
<div class="product"><a href="https://www.amazon.com/dp/B00006RSQD?tag=eloabder-20&linkCode=osi&th=1&psc=1"><img src="https://m.media-amazon.com/images/I/315rez3KpeL._SL500_.jpg" alt="Product Image"></a><p>Bush Business Furniture Series C 36W Tall 5 Shelf Bookcase in Hansen Cherry, Large Storage and Display Bookshelf for Home or Professional Office</p><p> -8% 0FF </p><p>$239.49</p><a href="https://www.amazon.com/dp/B00006RSQD?tag=eloabder-20&linkCode=osi&th=1&psc=1">View Product</a></div>
<div class="product"><a href="https://www.amazon.com/dp/B09F6JPYSY?tag=eloabder-20&linkCode=osi&th=1&psc=1"><img src="https://m.media-amazon.com/images/I/51fGLH7lhHL._SL500_.jpg" alt="Product Image"></a><p>SPACELEAD Slim Storage Cart 3 Tier,Bathroom Organizer Rolling Utility,Mobile Shelving Unit Slide Out for Office, Kitchen, Laundry Room & Narrow Places,Black</p><p> -30% 0FF </p><p>$20.99</p><a href="https://www.amazon.com/dp/B09F6JPYSY?tag=eloabder-20&linkCode=osi&th=1&psc=1">View Product</a></div><div class="product"><a href="https://www.amazon.com/dp/B08KFTVGQY?tag=eloabder-20&linkCode=osi&th=1&psc=1"><img src="https://m.media-amazon.com/images/I/51BjUEmGaiL._SL500_.jpg" alt="Product Image"></a><p>SONGMICS Cube Storage Organizer, Set of 16 Plastic Cubes, Closet Organizers and Storage, Room Organization, Bedroom Living Room, 12.2 x 48.4 x 48.4 Inches, Rustic Brown ULPC442A01</p><p> -15% 0FF </p><p>$46.99</p><a href="https://www.amazon.com/dp/B08KFTVGQY?tag=eloabder-20&linkCode=osi&th=1&psc=1">View Product</a></div><div class="product"><a href="https://www.amazon.com/dp/B0DG359YX5?tag=eloabder-20&linkCode=osi&th=1&psc=1"><img src="https://m.media-amazon.com/images/I/41OBXL4HJdL._SL500_.jpg" alt="Product Image"></a><p>VIVO Clamp-on 13 inch Above or Below Desk 2-Tier Shelving Unit for Table Accessories, Gaming Devices, and More, Storage Tray, Desktop Organizer, Rustic Vintage Brown, STAND-SHELF2C-N</p><p> -20% 0FF </p><p>$39.99</p><a href="https://www.amazon.com/dp/B0DG359YX5?tag=eloabder-20&linkCode=osi&th=1&psc=1">View Product</a></div><div class="product"><a href="https://www.amazon.com/dp/B0D7S5GGP6?tag=eloabder-20&linkCode=osi&th=1&psc=1"><img src="https://m.media-amazon.com/images/I/51EriWG2BLL._SL500_.jpg" alt="Product Image"></a><p>C&AHOME Wire Cube Storage, 9 - Cube Organizer Metal C Grids, Modular Shelves Units, Closet Organizer, Ideal for Home, Office, Living Room, 36.6”L x 12.4”W x 48.4”H, Silver Gray UWCS3009G</p><p> -33% 0FF </p><p>$28.87</p><a href="https://www.amazon.com/dp/B0D7S5GGP6?tag=eloabder-20&linkCode=osi&th=1&psc=1">View Product</a></div>
<div class="product"><a href="https://www.amazon.com/dp/B0B1M6ML2J?tag=eloabder-20&linkCode=osi&th=1&psc=1"><img src="https://m.media-amazon.com/images/I/51pX2Qo38JL._SL500_.jpg" alt="Product Image"></a><p>WOWBOX 25 PCS Clear Plastic Drawer Organizer Set, 4 Sizes Desk Drawer Divider Organizers and Storage Bins for Makeup, Jewelry, Gadgets for Kitchen, Bedroom, Bathroom, Office</p><p> -35% 0FF </p><p>$16.13 ($0.65 / Count)</p><a href="https://www.amazon.com/dp/B0B1M6ML2J?tag=eloabder-20&linkCode=osi&th=1&psc=1">View Product</a></div><div class="product"><a href="https://www.amazon.com/dp/B0DB8F7GDN?tag=eloabder-20&linkCode=osi&th=1&psc=1"><img src="https://m.media-amazon.com/images/I/51iOtKHzvCL._SL500_.jpg" alt="Product Image"></a><p>OPNICE Desk Organizer and Accessories, 2-Tier Computer Monitor Stand Riser with Drawer and 2 Pen Holders, Laptop Stand, Office Desk Accessories for Office Supplies, Black</p><p> -27% 0FF </p><p>$21.99</p><a href="https://www.amazon.com/dp/B0DB8F7GDN?tag=eloabder-20&linkCode=osi&th=1&psc=1">View Product</a></div><div class="product"><a href="https://www.amazon.com/dp/B0FQ86P4M3?tag=eloabder-20&linkCode=osi&th=1&psc=1"><img src="https://m.media-amazon.com/images/I/41ZDdyGnPxL._SL500_.jpg" alt="Product Image"></a><p>Mind Reader 2-Tier Desk Organizer with Clamp, Accessory Shelf for Office or Gaming, Office, Metal, White</p><p> -5% 0FF </p><p>$37.99</p><a href="https://www.amazon.com/dp/B0FQ86P4M3?tag=eloabder-20&linkCode=osi&th=1&psc=1">View Product</a></div><div class="product"><a href="https://www.amazon.com/dp/B0BYDGF8DT?tag=eloabder-20&linkCode=osi&th=1&psc=1"><img src="https://m.media-amazon.com/images/I/51sE2GzgVNL._SL500_.jpg" alt="Product Image"></a><p>OPNICE Desk Organizer and Accessories, 4-Tier Desktop File Organizer with Drawer and 2 Pen Holders, Office Desk Accessories, Workspace Organizers for Office Supplies(Black)</p><p> -33% 0FF </p><p>$19.99</p><a href="https://www.amazon.com/dp/B0BYDGF8DT?tag=eloabder-20&linkCode=osi&th=1&psc=1">View Product</a></div><div class="product"><a href="https://www.amazon.com/dp/B0DJKSMV2T?tag=eloabder-20&linkCode=osi&th=1&psc=1"><img src="https://m.media-amazon.com/images/I/41gO3CCIg1L._SL500_.jpg" alt="Product Image"></a><p>gianotter Dual Monitor Stand Riser, Desk Organizer With Drawer and 2 Pen Holders, Computer Monitor Stand, Shelf for Top of Desk, Black</p><p> -28% 0FF </p><p>$25.99</p><a href="https://www.amazon.com/dp/B0DJKSMV2T?tag=eloabder-20&linkCode=osi&th=1&psc=1">View Product</a></div><div class="product"><a href="https://www.amazon.com/dp/B0BWTT3WK1?tag=eloabder-20&linkCode=osi&th=1&psc=1"><img src="https://m.media-amazon.com/images/I/51JTe2SjicL._SL500_.jpg" alt="Product Image"></a><p>gianotter Desk Organizers and Accessories with File Holder, 4-Tier Desk Accessories & Workspace Organizers with Drawer and 2 Pen Holder, Paper Organizer for Office Supplies (Rose Gold)</p><p> -27% 0FF </p><p>$23.99</p><a href="https://www.amazon.com/dp/B0BWTT3WK1?tag=eloabder-20&linkCode=osi&th=1&psc=1">View Product</a></div><div class="product"><a href="https://www.amazon.com/dp/B09QKDY1YY?tag=eloabder-20&linkCode=osi&th=1&psc=1"><img src="https://m.media-amazon.com/images/I/519UVM73B6L._SL500_.jpg" alt="Product Image"></a><p>Supeasy 5 Trays Paper Organizer Letter Tray with Handle-Mesh Desk File Organizer, Paper Sorter Desk Organizer for Office, Home or School</p><p> -17% 0FF </p><p>$19.99</p><a href="https://www.amazon.com/dp/B09QKDY1YY?tag=eloabder-20&linkCode=osi&th=1&psc=1">View Product</a></div><div class="product"><a href="https://www.amazon.com/dp/B08PBFKGJG?tag=eloabder-20&linkCode=osi&th=1&psc=1"><img src="https://m.media-amazon.com/images/I/61WfW0WLsqL._SL500_.jpg" alt="Product Image"></a><p>Marbrasse 6 Tier Paper Organizer Letter Tray - Mesh Desk File Organizer with Handle, Paper Sorter Organizer for Letter/A4 Office File Folder Holder - Black</p><p> -23% 0FF </p><p>$19.98</p><a href="https://www.amazon.com/dp/B08PBFKGJG?tag=eloabder-20&linkCode=osi&th=1&psc=1">View Product</a></div><div class="product"><a href="https://www.amazon.com/dp/B09K5927B5?tag=eloabder-20&linkCode=osi&th=1&psc=1"><img src="https://m.media-amazon.com/images/I/51u5tZ4jR6L._SL500_.jpg" alt="Product Image"></a><p>Marbrasse Desk Organizer with File Holder, 5-Tier Paper Letter Tray Organizer with Drawer and 2 Pen Holder, Mesh Desktop Organizer and Storage with Magazine Holder for Office Supplies(Black)</p><p> -24% 0FF </p><p>$33.99</p><a href="https://www.amazon.com/dp/B09K5927B5?tag=eloabder-20&linkCode=osi&th=1&psc=1">View Product</a></div>
<div class="product"><a href="https://www.amazon.com/dp/B0CNXF7SVS?tag=eloabder-20&linkCode=osi&th=1&psc=1"><img src="https://m.media-amazon.com/images/I/51a6EswyTZL._SL500_.jpg" alt="Product Image"></a><p>Manalete Drawer Organizers Set of 15, 4 Sizes Clear Plastic Drawer Organizers and Storage Bins for Kitchen, Bathroom, Office, Dresser Desk Drawer Organizer Tray for Jewelry, Makeup, Junk, Gadgets</p><p> -29% 0FF </p><p>$9.99</p><a href="https://www.amazon.com/dp/B0CNXF7SVS?tag=eloabder-20&linkCode=osi&th=1&psc=1">View Product</a></div><div class="product"><a href="https://www.amazon.com/dp/B0CCY5X6SS?tag=eloabder-20&linkCode=osi&th=1&psc=1"><img src="https://m.media-amazon.com/images/I/41Iye-vPXJL._SL500_.jpg" alt="Product Image"></a><p>Bamboo Drawer Organizer Set, 5 PCS Multi-Use Individual Wood Storage Organizers, Junk Drawer Divider and Storage Trays Containers for Kitchen, Bathroom, Office Desk, Makeup, Jewelry, Utensils</p><p> -20% 0FF </p><p>$19.99 ($4.00 / Count)</p><a href="https://www.amazon.com/dp/B0CCY5X6SS?tag=eloabder-20&linkCode=osi&th=1&psc=1">View Product</a></div><div class="product"><a href="https://www.amazon.com/dp/B0CCDJQ7MM?tag=eloabder-20&linkCode=osi&th=1&psc=1"><img src="https://m.media-amazon.com/images/I/51kU0WJxdsL._SL500_.jpg" alt="Product Image"></a><p>Marbrasse Expandable Desk Drawer Organizer, Mesh Drawer Organizer Tray with 10 Adjustable Compartments, Desk Organizers and Accessories, 5 Dividers Drawer for Office Supplies, Makeup & Vanity (Black)</p><p> -15% 0FF </p><p>$17.84</p><a href="https://www.amazon.com/dp/B0CCDJQ7MM?tag=eloabder-20&linkCode=osi&th=1&psc=1">View Product</a></div><div class="product"><a href="https://www.amazon.com/dp/B0DM27MBZN?tag=eloabder-20&linkCode=osi&th=1&psc=1"><img src="https://m.media-amazon.com/images/I/41hAfSMnrZL._SL500_.jpg" alt="Product Image"></a><p>ElegantArray 12 PCS Drawer Organizer Set, 4 Sizes Storage Drawer Units, Clear Plastic Makeup Vanity Organizer and Storage Bins for Makeup, Stationeries, Multiple Gadgets for Bathroom, Office, Bedroom</p><p> -31% 0FF </p><p>$8.99</p><a href="https://www.amazon.com/dp/B0DM27MBZN?tag=eloabder-20&linkCode=osi&th=1&psc=1">View Product</a></div>
<div class="product"><a href="https://www.amazon.com/dp/B0C4T42TPC?tag=eloabder-20&linkCode=osi&th=1&psc=1"><img src="https://m.media-amazon.com/images/I/318IsyAsPXL._SL500_.jpg" alt="Product Image"></a><p>Adjustable Mobile CPU Stand, Ventilated Computer Tower Stand with 4 Caster Wheels Fits Most PC Tower, Under Desk CPU Holder PC Floor Cart Computer Riser for Gamers and Students (Black)</p><p> -21% 0FF </p><p>$14.21</p><a href="https://www.amazon.com/dp/B0C4T42TPC?tag=eloabder-20&linkCode=osi&th=1&psc=1">View Product</a></div><div class="product"><a href="https://www.amazon.com/dp/B094QTGHNZ?tag=eloabder-20&linkCode=osi&th=1&psc=1"><img src="https://m.media-amazon.com/images/I/31VzBQ+jwWL._SL500_.jpg" alt="Product Image"></a><p>WALI Computer Monitor Stand for Desk, Adjustable Laptop Riser, Desk Monitor Stand Underneath Storage for Office, Home, School Supplies (STT003), 1 Pack, Black</p><p> -32% 0FF </p><p>$16.99</p><a href="https://www.amazon.com/dp/B094QTGHNZ?tag=eloabder-20&linkCode=osi&th=1&psc=1">View Product</a></div><div class="product"><a href="https://www.amazon.com/dp/B07H4DMLVH?tag=eloabder-20&linkCode=osi&th=1&psc=1"><img src="https://m.media-amazon.com/images/I/31eTfKhpSWL._SL500_.jpg" alt="Product Image"></a><p>HUANUO Monitor Stand, Monitor Stand Riser 3 Height Adjustable, Monitor Riser with Airflow Vents, Laptop Stand for Desk, Laptop Riser, Desk Organizer for Monitor, 15.6" Laptop, PC, Printer</p><p> -11% 0FF </p><p>$15.19</p><a href="https://www.amazon.com/dp/B07H4DMLVH?tag=eloabder-20&linkCode=osi&th=1&psc=1">View Product</a></div><div class="product"><a href="https://www.amazon.com/dp/B0D69W6H91?tag=eloabder-20&linkCode=osi&th=1&psc=1"><img src="https://m.media-amazon.com/images/I/51rQI+gi3lL._SL500_.jpg" alt="Product Image"></a><p>JANE EYRE Computer Tower Stand - Adjustable PC Tower Stand CPU Holder Cart with Charging Station for Office Home Classroom,23.03"-28.3" H, black</p><p> -10% 0FF </p><p>$53.99</p><a href="https://www.amazon.com/dp/B0D69W6H91?tag=eloabder-20&linkCode=osi&th=1&psc=1">View Product</a></div><div class="product"><a href="https://www.amazon.com/dp/B0C4T34L9Y?tag=eloabder-20&linkCode=osi&th=1&psc=1"><img src="https://m.media-amazon.com/images/I/51BNMGXNOEL._SL500_.jpg" alt="Product Image"></a><p>BONTEC Wooden Monitor Stand Riser, 2-Tier Desk Shelf with Storage Organizer, Ergonomic Computer Stand with Cable Management, Cellphone Holder, White, 16.5 Inch</p><p> -33% 0FF </p><p>$18.04</p><a href="https://www.amazon.com/dp/B0C4T34L9Y?tag=eloabder-20&linkCode=osi&th=1&psc=1">View Product</a></div><div class="product"><a href="https://www.amazon.com/dp/B08BRCT4JH?tag=eloabder-20&linkCode=osi&th=1&psc=1"><img src="https://m.media-amazon.com/images/I/41Ga6A+cXbL._SL500_.jpg" alt="Product Image"></a><p>BESIGN LS03 Aluminum Laptop Stand, Ergonomic Detachable Computer Stand, Notebook Riser Compatible with Air, Pro, Dell, HP, Lenovo More 10-15.6" Laptops, Silver</p><p> -25% 0FF </p><p>$14.98</p><a href="https://www.amazon.com/dp/B08BRCT4JH?tag=eloabder-20&linkCode=osi&th=1&psc=1">View Product</a></div>
<div class="product"><a href="https://www.amazon.com/dp/B07Q79ZZJ6?tag=eloabder-20&linkCode=osi&th=1&psc=1"><img src="https://m.media-amazon.com/images/I/31-LBzENQIL._SL500_.jpg" alt="Product Image"></a><p>Single LCD Computer Monitor Free-Standing Desk Stand Mount Riser for 13 inch to 32 inch screen with Swivel, Height Adjustable, Rotation, Vesa Base Stand Holds One (1) Screen up to 77Lbs(HT05B-001))</p><p> -34% 0FF </p><p>$21.99</p><a href="https://www.amazon.com/dp/B07Q79ZZJ6?tag=eloabder-20&linkCode=osi&th=1&psc=1">View Product</a></div><div class="product"><a href="https://www.amazon.com/dp/B082845XM8?tag=eloabder-20&linkCode=osi&th=1&psc=1"><img src="https://m.media-amazon.com/images/I/41uRH1B7HgL._SL500_.jpg" alt="Product Image"></a><p>Dual Monitor Stand - Vertical Stack Screen Free-Standing Monitor Riser Fits Two 13 to 34 Inch Screen with Swivel, Tilt, Height Adjustable, Holds One (1) Screen Up to 44Lbs</p><p> -5% 0FF </p><p>$31.56</p><a href="https://www.amazon.com/dp/B082845XM8?tag=eloabder-20&linkCode=osi&th=1&psc=1">View Product</a></div><div class="product"><a href="https://www.amazon.com/dp/B00X4SCCFG?tag=eloabder-20&linkCode=osi&th=1&psc=1"><img src="https://m.media-amazon.com/images/I/21X2klzUZGL._SL500_.jpg" alt="Product Image"></a><p>Amazon Basics Height Adjustable Rectangular Computer Monitor Riser Desk Stand with Storage for Reduced Neck Strain - Fits Monitors, Laptops Up to 22lbs, Black</p><p> -35% 0FF </p><p>$14.06</p><a href="https://www.amazon.com/dp/B00X4SCCFG?tag=eloabder-20&linkCode=osi&th=1&psc=1">View Product</a></div>
<div class="product"><a href="https://www.amazon.com/dp/B07HFDJCSL?tag=eloabder-20&linkCode=osi&th=1&psc=1"><img src="https://m.media-amazon.com/images/I/41DR7qY1naL._SL500_.jpg" alt="Product Image"></a><p>VIVO Large Keyboard Tray Under Desk Pull Out with Extra Sturdy C Clamp Mount System, 27 (33 Including Clamps) x 11 Inch Slide-Out Platform Computer Drawer for Typing, Black, MOUNT-KB05E</p><p> -17% 0FF </p><p>$49.99</p><a href="https://www.amazon.com/dp/B07HFDJCSL?tag=eloabder-20&linkCode=osi&th=1&psc=1">View Product</a></div><div class="product"><a href="https://www.amazon.com/dp/B082NKBM62?tag=eloabder-20&linkCode=osi&th=1&psc=1"><img src="https://m.media-amazon.com/images/I/41qQ3p9-mrL._SL500_.jpg" alt="Product Image"></a><p>HUANUO Keyboard Tray Under Desk, 360 Adjustable Ergonomic Sliding Keyboard & Mouse Tray, Under Desk Keyboard Tray Slide Out, Keyboard Holder Under Desk for Typing in Home, Office Work, 25"W x 9.84"D</p><p> -33% 0FF </p><p>$59.98</p><a href="https://www.amazon.com/dp/B082NKBM62?tag=eloabder-20&linkCode=osi&th=1&psc=1">View Product</a></div><div class="product"><a href="https://www.amazon.com/dp/B0F23GTKHL?tag=eloabder-20&linkCode=osi&th=1&psc=1"><img src="https://m.media-amazon.com/images/I/41dmHoeznDL._SL500_.jpg" alt="Product Image"></a><p>Zontera Ergonomic Mouse & Keyboard Tray Under Desk, Pull Out with Adjustable C-clamp, 20 (25.9 Including Clamps) x 11.8 Inch Slide Out Computer Keyboard Drawer Mouse Tray for Typing, Black</p><p> -7% 0FF </p><p>$25.99</p><a href="https://www.amazon.com/dp/B0F23GTKHL?tag=eloabder-20&linkCode=osi&th=1&psc=1">View Product</a></div><div class="product"><a href="https://www.amazon.com/dp/B01IIGMBVI?tag=eloabder-20&linkCode=osi&th=1&psc=1"><img src="https://m.media-amazon.com/images/I/21Vw8003F0L._SL500_.jpg" alt="Product Image"></a><p>Alera ALE Valencia Series Underdesk Keyboard/Mouse Shelf, 28w x 12d, Black</p><p> -50% 0FF </p><p>$29.22</p><a href="https://www.amazon.com/dp/B01IIGMBVI?tag=eloabder-20&linkCode=osi&th=1&psc=1">View Product</a></div>
<div class="product"><a href="https://www.amazon.com/dp/B07C3XZMC6?tag=eloabder-20&linkCode=osi&th=1&psc=1"><img src="https://m.media-amazon.com/images/I/31Eojf7glwL._SL500_.jpg" alt="Product Image"></a><p>JIKIOU 3 Pack Mouse Pad with Stitched Edge, Comfortable Mouse Pads with Non-Slip Rubber Base, Washable Mousepads Bulk with Comfortable Cloth, Mouse Pads for Computers Laptop Mouse 10.2x8.3inch Black</p><p> -29% 0FF </p><p>$7.99</p><a href="https://www.amazon.com/dp/B07C3XZMC6?tag=eloabder-20&linkCode=osi&th=1&psc=1">View Product</a></div><div class="product"><a href="https://www.amazon.com/dp/B085XRMSTT?tag=eloabder-20&linkCode=osi&th=1&psc=1"><img src="https://m.media-amazon.com/images/I/31aDSI0sFoL._SL500_.jpg" alt="Product Image"></a><p>EooCoo Ergonomic Mouse Pad with Wrist Support, Mousepad with Memory Foam Wrist Rest and Non-Slip Base for Computer, Cafe, Home & Office, 9.64 x 8.26 in Office Desk Accessories</p><p> -36% 0FF </p><p>$6.99</p><a href="https://www.amazon.com/dp/B085XRMSTT?tag=eloabder-20&linkCode=osi&th=1&psc=1">View Product</a></div>
<div class="product"><a href="https://www.amazon.com/dp/B0BRCJL4MM?tag=eloabder-20&linkCode=osi&th=1&psc=1"><img src="https://m.media-amazon.com/images/I/41sggzaNbPL._SL500_.jpg" alt="Product Image"></a><p>Led Desk Lamp for Office Home - Eye Caring Architect lamp with Clamp,Dual Screen Computer Monitor Gooseneck Smart Light: 24W 5 Color Flexible Adjustable Lighting Table Lamp for Study Drafting</p><p> -13% 0FF </p><p>$69.99</p><a href="https://www.amazon.com/dp/B0BRCJL4MM?tag=eloabder-20&linkCode=osi&th=1&psc=1">View Product</a></div><div class="product"><a href="https://www.amazon.com/dp/B0BNHNG5CY?tag=eloabder-20&linkCode=osi&th=1&psc=1"><img src="https://m.media-amazon.com/images/I/51ccmdZe2YL._SL500_.jpg" alt="Product Image"></a><p>Micomlan Led Desk Lamp with Clamp, Architect Desk Lamp for Home Office with Atmosphere Lighting, 24W Ultra Bright Auto Dimming Computer Light Stepless Dimming and Tempering LED Table Light</p><p> -27% 0FF </p><p>$49.99</p><a href="https://www.amazon.com/dp/B0BNHNG5CY?tag=eloabder-20&linkCode=osi&th=1&psc=1">View Product</a></div><div class="product"><a href="https://www.amazon.com/dp/B078W61H9P?tag=eloabder-20&linkCode=osi&th=1&psc=1"><img src="https://m.media-amazon.com/images/I/31aebwb3nqL._SL500_.jpg" alt="Product Image"></a><p>LEPOWER Metal Desk Lamp, Eye-Caring Table Lamp, Study Lamps with Flexible Goose Neck for Bedroom, Home Office (Matte Black)</p><p> -24% 0FF </p><p>$24.99</p><a href="https://www.amazon.com/dp/B078W61H9P?tag=eloabder-20&linkCode=osi&th=1&psc=1">View Product</a></div><div class="product"><a href="https://www.amazon.com/dp/B0D1DLY4H4?tag=eloabder-20&linkCode=osi&th=1&psc=1"><img src="https://m.media-amazon.com/images/I/41sKiuSIwRL._SL500_.jpg" alt="Product Image"></a><p>SKYLEO Led Desk Lamp - Desk Light for 31.5" Tall - 5 Color Modes X 11 Brightness Levels - Adjustable Swing Arm - Timmer & Memory Function - 12W Lamp for Desk - Black</p><p> -23% 0FF </p><p>$19.99</p><a href="https://www.amazon.com/dp/B0D1DLY4H4?tag=eloabder-20&linkCode=osi&th=1&psc=1">View Product</a></div><div class="product"><a href="https://www.amazon.com/dp/B0D2LGK82V?tag=eloabder-20&linkCode=osi&th=1&psc=1"><img src="https://m.media-amazon.com/images/I/41UpQ-qygDL._SL500_.jpg" alt="Product Image"></a><p>Addtam LED Desk Lamp, Power Strip with 3 Outlets 4 USB Charging Ports(2 USBC), 4 Modes 5 Level Brightness Touch Lamp, Small Desk Lamp for Home Office College Dorm Room Essentials</p><p> -23% 0FF </p><p>$16.99</p><a href="https://www.amazon.com/dp/B0D2LGK82V?tag=eloabder-20&linkCode=osi&th=1&psc=1">View Product</a></div><div class="product"><a href="https://www.amazon.com/dp/B08LMTQ7ZF?tag=eloabder-20&linkCode=osi&th=1&psc=1"><img src="https://m.media-amazon.com/images/I/21vKPX2KHML._SL500_.jpg" alt="Product Image"></a><p>Lepro LED Desk Lamp for Home Office, 9.5W 750LM Metal Touch Control Desk Light, 5 Color Modes 5 Brightness Level, Eye Caring Task Lamp For Reading, Sewing, Crafts, School Supplies, Puzzle Light, Black</p><p> -13% 0FF </p><p>$24.99</p><a href="https://www.amazon.com/dp/B08LMTQ7ZF?tag=eloabder-20&linkCode=osi&th=1&psc=1">View Product</a></div>
<div class="product"><a href="https://www.amazon.com/dp/B0D7BXNDP4?tag=eloabder-20&linkCode=osi&th=1&psc=1"><img src="https://m.media-amazon.com/images/I/41DuEunZ1+L._SL500_.jpg" alt="Product Image"></a><p>Monitor Fan with Clamp & Light Bar Desk Lamp with fan for Office mini Desk fan small quiet with lamp for PC Laptops Tablet for Home Office Portable Working Reading Stand Lamp</p><p> -5% 0FF </p><p>$15.19</p><a href="https://www.amazon.com/dp/B0D7BXNDP4?tag=eloabder-20&linkCode=osi&th=1&psc=1">View Product</a></div><div class="product"><a href="https://www.amazon.com/dp/B07K1D41DC?tag=eloabder-20&linkCode=osi&th=1&psc=1"><img src="https://m.media-amazon.com/images/I/310MAouNV-L._SL500_.jpg" alt="Product Image"></a><p>OttLite Cool Breeze LED Lamp with Bladeless Fan - 3 Speed Options & 5 Brightness Settings with Energy Efficient Natural Daylight LEDs - Desktop, Table or Nightstand Lamp for Studying or Reading</p><p> -14% 0FF </p><p>$89.98</p><a href="https://www.amazon.com/dp/B07K1D41DC?tag=eloabder-20&linkCode=osi&th=1&psc=1">View Product</a></div>
<div class="product"><a href="https://www.amazon.com/dp/B0CXSXL1F2?tag=eloabder-20&linkCode=osi&th=1&psc=1"><img src="https://m.media-amazon.com/images/I/41H6cndt7iL._SL500_.jpg" alt="Product Image"></a><p>9 Pack Lined Sticky Notes 4x6 in Post Sticky Notes with Lines, 9 Bright Colors Self Sticky Notes Pad Its, Large Ruled Sticky Note for Office, Home, 35 Sheets/Pad</p><p> -33% 0FF </p><p>$7.99</p><a href="https://www.amazon.com/dp/B0CXSXL1F2?tag=eloabder-20&linkCode=osi&th=1&psc=1">View Product</a></div><div class="product"><a href="https://www.amazon.com/dp/B019QROV9S?tag=eloabder-20&linkCode=osi&th=1&psc=1"><img src="https://m.media-amazon.com/images/I/51OsStyntzL._SL500_.jpg" alt="Product Image"></a><p>Sharpie Clear View Highlighter Sticks, Chisel Tip, Assorted Fluorescent, 8 Count - School, Home, and Office Use, Teacher Supplies</p><p> -23% 0FF </p><p>$13.86</p><a href="https://www.amazon.com/dp/B019QROV9S?tag=eloabder-20&linkCode=osi&th=1&psc=1">View Product</a></div>
<div class="product"><a href="https://www.amazon.com/dp/B082PN4X5J?tag=eloabder-20&linkCode=osi&th=1&psc=1"><img src="https://m.media-amazon.com/images/I/51o+eA8g6nL._SL500_.jpg" alt="Product Image"></a><p>Sharpie S-Gel Gel Pens, Black Barrel, Medium Point (0.7mm), Black Gel Ink Pens, 12 Count - Home, Office, School, Journaling, Writing, Note-Taking, Teacher Supplies</p><p> -14% 0FF </p><p>$11.97</p><a href="https://www.amazon.com/dp/B082PN4X5J?tag=eloabder-20&linkCode=osi&th=1&psc=1">View Product</a></div><div class="product"><a href="https://www.amazon.com/dp/B0C9W8DD9S?tag=eloabder-20&linkCode=osi&th=1&psc=1"><img src="https://m.media-amazon.com/images/I/41mdSvEwNZL._SL500_.jpg" alt="Product Image"></a><p>Ddaowanx Gel Pens, 6 Pcs 0.5mm Quick Dry Black Ink Pens Fine Point Smooth Writing Pens, Cute Office School Supplies Gifts for Women</p><p> -10% 0FF </p><p>$8.99</p><a href="https://www.amazon.com/dp/B0C9W8DD9S?tag=eloabder-20&linkCode=osi&th=1&psc=1">View Product</a></div><div class="product"><a href="https://www.amazon.com/dp/B019QBOG3U?tag=eloabder-20&linkCode=osi&th=1&psc=1"><img src="https://m.media-amazon.com/images/I/416PjSebDoL._SL500_.jpg" alt="Product Image"></a><p>Paper Mate Colorful Gel Pens - InkJoy Gel Pens Assorted Medium Point (0.7). Perfect for Vibrant Colored Writing and Sketching with Paper Mate InkJoy 14 Count</p><p> -18% 0FF </p><p>$10.31</p><a href="https://www.amazon.com/dp/B019QBOG3U?tag=eloabder-20&linkCode=osi&th=1&psc=1">View Product</a></div><div class="product"><a href="https://www.amazon.com/dp/B0C73JDN4S?tag=eloabder-20&linkCode=osi&th=1&psc=1"><img src="https://m.media-amazon.com/images/I/51DJUUxL7HL._SL500_.jpg" alt="Product Image"></a><p>Linbsunne Ballpoint Pens Black Medium Point 1mm Pen with Super Soft Grip Ball Point Pen for Men Women Retractable Pens (gold-12 pcs)</p><p> -10% 0FF </p><p>$8.99</p><a href="https://www.amazon.com/dp/B0C73JDN4S?tag=eloabder-20&linkCode=osi&th=1&psc=1">View Product</a></div><div class="product"><a href="https://www.amazon.com/dp/B001OTA66O?tag=eloabder-20&linkCode=osi&th=1&psc=1"><img src="https://m.media-amazon.com/images/I/41yS5tBZQLL._SL500_.jpg" alt="Product Image"></a><p>BIC Glide Black Retractable Ballpoint Pens, Medium Point (1.0mm), 4-Count Pack, Ultra Smooth Writing Black Pens</p><p> -40% 0FF </p><p>$2.99</p><a href="https://www.amazon.com/dp/B001OTA66O?tag=eloabder-20&linkCode=osi&th=1&psc=1">View Product</a></div>
<div class="product"><a href="https://www.amazon.com/dp/B002HVXXCW?tag=eloabder-20&linkCode=osi&th=1&psc=1"><img src="https://m.media-amazon.com/images/I/41JeEedXCeL._SL500_.jpg" alt="Product Image"></a><p>Ticonderoga Wood-Cased Pencils, Pre-Sharpened, 2 HB Soft, Yellow, 10 Count</p><p> -58% 0FF </p><p>$2.49</p><a href="https://www.amazon.com/dp/B002HVXXCW?tag=eloabder-20&linkCode=osi&th=1&psc=1">View Product</a></div><div class="product"><a href="https://www.amazon.com/dp/B077Q4B6YN?tag=eloabder-20&linkCode=osi&th=1&psc=1"><img src="https://m.media-amazon.com/images/I/4160YcHGDNL._SL500_.jpg" alt="Product Image"></a><p>Paper Mate 2017483 Mechanical Pencils for Handwriting, Triangular, 5/PK, AST</p><p> -45% 0FF </p><p>$3.47</p><a href="https://www.amazon.com/dp/B077Q4B6YN?tag=eloabder-20&linkCode=osi&th=1&psc=1">View Product</a></div>
<div class="product"><a href="https://www.amazon.com/dp/B0D7YTZNRF?tag=eloabder-20&linkCode=osi&th=1&psc=1"><img src="https://m.media-amazon.com/images/I/41hSbSlNAmL._SL500_.jpg" alt="Product Image"></a><p>YASNAY Alcohol Markers, 48 Colors Dual Tip Art Marker, Drawing Markers, Coloring Marker for Kids Sketching Adult Coloring</p><p> -27% 0FF </p><p>$10.99</p><a href="https://www.amazon.com/dp/B0D7YTZNRF?tag=eloabder-20&linkCode=osi&th=1&psc=1">View Product</a></div><div class="product"><a href="https://www.amazon.com/dp/B07CJ8QXF8?tag=eloabder-20&linkCode=osi&th=1&psc=1"><img src="https://m.media-amazon.com/images/I/51bChi4-H4L._SL500_.jpg" alt="Product Image"></a><p>Dual Markers Brush Pens, 36 Fine Point Art Marker, Double Tip Colored Pen for Adult Coloring Hand Lettering, School Classroom Art Suppliers</p><p> -20% 0FF </p><p>$7.98</p><a href="https://www.amazon.com/dp/B07CJ8QXF8?tag=eloabder-20&linkCode=osi&th=1&psc=1">View Product</a></div><div class="product"><a href="https://www.amazon.com/dp/B071CP6X88?tag=eloabder-20&linkCode=osi&th=1&psc=1"><img src="https://m.media-amazon.com/images/I/41sNeEYkTNL._SL500_.jpg" alt="Product Image"></a><p>Crayola Super Tips Marker Set for Kids (100ct), Broad Tip & Fine Point Washable Art Markers for Kids, Bulk School Supplies, Teacher Classroom Must Haves, Drawing Supplies</p><p> -19% 0FF </p><p>$16.29</p><a href="https://www.amazon.com/dp/B071CP6X88?tag=eloabder-20&linkCode=osi&th=1&psc=1">View Product</a></div><div class="product"><a href="https://www.amazon.com/dp/B08MBFPFCQ?tag=eloabder-20&linkCode=osi&th=1&psc=1"><img src="https://m.media-amazon.com/images/I/51DaGL7Z4oL._SL500_.jpg" alt="Product Image"></a><p>Sharpie Permanent Markers Variety Pack, Includes Chisel, Fine, and Ultra-Fine Tips, Marker Set, Writing, Coloring, Poster, Office, School Supplies, Black, 6 Count</p><p> -19% 0FF </p><p>$4.63 ($0.77 / Count)</p><a href="https://www.amazon.com/dp/B08MBFPFCQ?tag=eloabder-20&linkCode=osi&th=1&psc=1">View Product</a></div>
<div class="product"><a href="https://www.amazon.com/dp/B09Y2KJ2KX?tag=eloabder-20&linkCode=osi&th=1&psc=1"><img src="https://m.media-amazon.com/images/I/41EhQr7suML._SL500_.jpg" alt="Product Image"></a><p>Sharpie Pocket Highlighters, Mild Pastel Colors, Assorted, Chisel Tip, 12 Count - School, Home, and Office Use, Teacher Supplies</p><p> -22% 0FF </p><p>$7.76 ($0.65 / Count)</p><a href="https://www.amazon.com/dp/B09Y2KJ2KX?tag=eloabder-20&linkCode=osi&th=1&psc=1">View Product</a></div><div class="product"><a href="https://www.amazon.com/dp/B08698MJWT?tag=eloabder-20&linkCode=osi&th=1&psc=1"><img src="https://m.media-amazon.com/images/I/512N7aYt5oL._SL500_.jpg" alt="Product Image"></a><p>Sharpie S-Note Creative Markers, Pastel Highlighters, Art Marker Set, Assorted Colors, Chisel Tip, 24 Count - School, Home, and Office Use, Teacher Supplies</p><p> -60% 0FF </p><p>$8.83</p><a href="https://www.amazon.com/dp/B08698MJWT?tag=eloabder-20&linkCode=osi&th=1&psc=1">View Product</a></div>
<div class="product"><a href="https://www.amazon.com/dp/B097DPQPYN?tag=eloabder-20&linkCode=osi&th=1&psc=1"><img src="https://m.media-amazon.com/images/I/51nFyQPtfkL._SL500_.jpg" alt="Product Image"></a><p>Sonuimy Pencil Sharpeners, 4 Pcs Pencil Sharpeners Manual,Dual Holes Compact Colored Handheld Pencil Sharpener for Kids with Lid Adults Students School Class Home Office (Covered)</p><p> -13% 0FF </p><p>$4.49</p><a href="https://www.amazon.com/dp/B097DPQPYN?tag=eloabder-20&linkCode=osi&th=1&psc=1">View Product</a></div><div class="product"><a href="https://www.amazon.com/dp/B000MFN1G8?tag=eloabder-20&linkCode=osi&th=1&psc=1"><img src="https://m.media-amazon.com/images/I/41JPflroUEL._SL500_.jpg" alt="Product Image"></a><p>Compact Desktop Electric Pencil Sharpener, Black, Sold as 1 Each</p><p> -21% 0FF </p><p>$15.89</p><a href="https://www.amazon.com/dp/B000MFN1G8?tag=eloabder-20&linkCode=osi&th=1&psc=1">View Product</a></div><div class="product"><a href="https://www.amazon.com/dp/B00125KXGI?tag=eloabder-20&linkCode=osi&th=1&psc=1"><img src="https://m.media-amazon.com/images/I/51avY0bZv6L._SL500_.jpg" alt="Product Image"></a><p>Bostitch Office Personal Electric Pencil Sharpener, Powerful Stall-Free Motor, High Capacity Shavings Tray, Blue</p><p> -13% 0FF </p><p>$17.48</p><a href="https://www.amazon.com/dp/B00125KXGI?tag=eloabder-20&linkCode=osi&th=1&psc=1">View Product</a></div><div class="product"><a href="https://www.amazon.com/dp/B078DZY9Z5?tag=eloabder-20&linkCode=osi&th=1&psc=1"><img src="https://m.media-amazon.com/images/I/41KbUFGrXfL._SL500_.jpg" alt="Product Image"></a><p>JARLINK Electric Pencil Sharpener, Heavy-Duty Helical Blade to Fast Sharpen, Auto Stop for No.2/Colored Pencils(6-8mm), AC Adapter/Battery Operated in School Classroom/Office/Home (Black)</p><p> -21% 0FF </p><p>$16.98</p><a href="https://www.amazon.com/dp/B078DZY9Z5?tag=eloabder-20&linkCode=osi&th=1&psc=1">View Product</a></div><div class="product"><a href="https://www.amazon.com/dp/B08DLXH86D?tag=eloabder-20&linkCode=osi&th=1&psc=1"><img src="https://m.media-amazon.com/images/I/41UghsnBycL._SL500_.jpg" alt="Product Image"></a><p>Aogwat Pencil Sharpener Electric Pencil Sharpener for Kids, Blade to Fast Sharpen, Suitable for No.2/School/Classroom/Office/Home (Black)</p><p> -23% 0FF </p><p>$9.99</p><a href="https://www.amazon.com/dp/B08DLXH86D?tag=eloabder-20&linkCode=osi&th=1&psc=1">View Product</a></div><div class="product"><a href="https://www.amazon.com/dp/B000GP0VIU?tag=eloabder-20&linkCode=osi&th=1&psc=1"><img src="https://m.media-amazon.com/images/I/318OKKSwzbL._SL500_.jpg" alt="Product Image"></a><p>Bostitch Office Wall Mount Manual Pencil Sharpener, Tip Saver, 8 Hole Dial, 6X Longer Cutter Life, Vertical or Horizontal Mounting Black (MPS1-BLK)</p><p> -9% 0FF </p><p>$13.18</p><a href="https://www.amazon.com/dp/B000GP0VIU?tag=eloabder-20&linkCode=osi&th=1&psc=1">View Product</a></div>
<div class="product"><a href="https://www.amazon.com/dp/B00094H4LU?tag=eloabder-20&linkCode=osi&th=1&psc=1"><img src="https://m.media-amazon.com/images/I/41f-fbZYU1L._SL500_.jpg" alt="Product Image"></a><p>Paper Mate Erasers | Pink Pearl Large Erasers 12 Count</p><p> -55% 0FF </p><p>$6.03</p><a href="https://www.amazon.com/dp/B00094H4LU?tag=eloabder-20&linkCode=osi&th=1&psc=1">View Product</a></div><div class="product"><a href="https://www.amazon.com/dp/B07DPVVMWB?tag=eloabder-20&linkCode=osi&th=1&psc=1"><img src="https://m.media-amazon.com/images/I/51wLlsENgiL._SL500_.jpg" alt="Product Image"></a><p>Mr. Pen Erasers for Pencils, 120 Pack, Pencil Top Erasers, Eraser Caps, Cap Tops, Topper Erasers. Ereaser</p><p> -24% 0FF </p><p>$5.95</p><a href="https://www.amazon.com/dp/B07DPVVMWB?tag=eloabder-20&linkCode=osi&th=1&psc=1">View Product</a></div><div class="product"><a href="https://www.amazon.com/dp/B07144DC8V?tag=eloabder-20&linkCode=osi&th=1&psc=1"><img src="https://m.media-amazon.com/images/I/51Ed1+HW9cL._SL500_.jpg" alt="Product Image"></a><p>Pentel Hi-Polymer Block Eraser, White, 10/Box (ZEH10PC10)</p><p> -44% 0FF </p><p>$9.99</p><a href="https://www.amazon.com/dp/B07144DC8V?tag=eloabder-20&linkCode=osi&th=1&psc=1">View Product</a></div><div class="product"><a href="https://www.amazon.com/dp/B0047CT6SE?tag=eloabder-20&linkCode=osi&th=1&psc=1"><img src="https://m.media-amazon.com/images/I/41bhWXKeeiL._SL500_.jpg" alt="Product Image"></a><p>Pentel Clic Retractable Eraser with Grip, 3 Pack</p><p> -29% 0FF </p><p>$4.77</p><a href="https://www.amazon.com/dp/B0047CT6SE?tag=eloabder-20&linkCode=osi&th=1&psc=1">View Product</a></div>
<div class="product"><a href="https://www.amazon.com/dp/B09S9X3HV7?tag=eloabder-20&linkCode=osi&th=1&psc=1"><img src="https://m.media-amazon.com/images/I/51GgMyfl5VL._SL500_.jpg" alt="Product Image"></a><p>Color Transparent Ruler Plastic Rulers - Ruler 12 inch, Kids Ruler for School, Ruler with Centimeters, Millimeter and Inches, Assorted Colors, Clear Rulers, 7 Pack School Rulers</p><p> -16% 0FF </p><p>$5.99</p><a href="https://www.amazon.com/dp/B09S9X3HV7?tag=eloabder-20&linkCode=osi&th=1&psc=1">View Product</a></div><div class="product"><a href="https://www.amazon.com/dp/B06XK9VQM4?tag=eloabder-20&linkCode=osi&th=1&psc=1"><img src="https://m.media-amazon.com/images/I/51Glln3n-nL._SL500_.jpg" alt="Product Image"></a><p>Outus 12 Pack Wood Ruler Bulk for Students Wooden School Rulers Gifts Office Classroom Measuring, 2 Scale, 12 Inch and 30 cm</p><p> -6% 0FF </p><p>$7.99</p><a href="https://www.amazon.com/dp/B06XK9VQM4?tag=eloabder-20&linkCode=osi&th=1&psc=1">View Product</a></div><div class="product"><a href="https://www.amazon.com/dp/B0B5MLTG7J?tag=eloabder-20&linkCode=osi&th=1&psc=1"><img src="https://m.media-amazon.com/images/I/51z9LUxLKmL._SL500_.jpg" alt="Product Image"></a><p>DAGONGREN 30 Pack Clear Plastic Rulers 12 Inch,Transparent Assorted Color Metric Bulk Rulers with Inches and Centimeters,Kids Ruler for School,Home,Office</p><p> -9% 0FF </p><p>$9.99</p><a href="https://www.amazon.com/dp/B0B5MLTG7J?tag=eloabder-20&linkCode=osi&th=1&psc=1">View Product</a></div><div class="product"><a href="https://www.amazon.com/dp/B096MPPF53?tag=eloabder-20&linkCode=osi&th=1&psc=1"><img src="https://m.media-amazon.com/images/I/51qUpElDRcS._SL500_.jpg" alt="Product Image"></a><p>Tenare 1 Set Plastic Clear Math Set Includes Protractor Triangle Rulers 12 Inch 6 Inch Straight Geometry Math Transparent Ruler Measuring Tool for School Office Home Supplies(Clear)</p><p> -25% 0FF </p><p>$5.98</p><a href="https://www.amazon.com/dp/B096MPPF53?tag=eloabder-20&linkCode=osi&th=1&psc=1">View Product</a></div>
<div class="product"><a href="https://www.amazon.com/dp/B07YDDX4JL?tag=eloabder-20&linkCode=osi&th=1&psc=1"><img src="https://m.media-amazon.com/images/I/41oBPZwCRLL._SL500_.jpg" alt="Product Image"></a><p>3-Pack 8" Heavy Duty Scissors with Ultra Sharp Blades and Comfort Grip Handles - For Office, Home, School, Sewing, and Crafts</p><p> -15% 0FF </p><p>$8.49 ($2.83 / Count)</p><a href="https://www.amazon.com/dp/B07YDDX4JL?tag=eloabder-20&linkCode=osi&th=1&psc=1">View Product</a></div><div class="product"><a href="https://www.amazon.com/dp/B01BRGU8R0?tag=eloabder-20&linkCode=osi&th=1&psc=1"><img src="https://m.media-amazon.com/images/I/41ANVra+eNL._SL500_.jpg" alt="Product Image"></a><p>Amazon Basics Stainless Steel Scissors for Office, Crafts, Multipurpose, Sharp, Comfort Grip, PVD Coated, 3 Pack, Multicolor</p><p> -45% 0FF </p><p>$7.55</p><a href="https://www.amazon.com/dp/B01BRGU8R0?tag=eloabder-20&linkCode=osi&th=1&psc=1">View Product</a></div><div class="product"><a href="https://www.amazon.com/dp/B000P0LNRE?tag=eloabder-20&linkCode=osi&th=1&psc=1"><img src="https://m.media-amazon.com/images/I/41fWgMTO0JL._SL500_.jpg" alt="Product Image"></a><p>Westcott 8-Inch Titanium-Bonded Scissors with Adjustable Glide Feature for Office and Home - Gray/Yellow, 2-Pack</p><p> -33% 0FF </p><p>$9.97</p><a href="https://www.amazon.com/dp/B000P0LNRE?tag=eloabder-20&linkCode=osi&th=1&psc=1">View Product</a></div>
<div class="product"><a href="https://www.amazon.com/dp/B074ZRZ4CZ?tag=eloabder-20&linkCode=osi&th=1&psc=1"><img src="https://m.media-amazon.com/images/I/41bu+HKxC2L._SL500_.jpg" alt="Product Image"></a><p>Swingline Commercial Stapler, 20 Sheet Capacity, Jam Free, Metal, 2 Pack, Black (44401AZ)</p><p> -5% 0FF </p><p>$18.98</p><a href="https://www.amazon.com/dp/B074ZRZ4CZ?tag=eloabder-20&linkCode=osi&th=1&psc=1">View Product</a></div><div class="product"><a href="https://www.amazon.com/dp/B001PME62K?tag=eloabder-20&linkCode=osi&th=1&psc=1"><img src="https://m.media-amazon.com/images/I/41gbaJu-3iL._SL500_.jpg" alt="Product Image"></a><p>Swingline Stapler, 40 Sheet Capacity, Optima 40, Jam Free, Reduced Effort, Soft Grip, Metal, Orange and Gray (87845)</p><p> -14% 0FF </p><p>$24.19</p><a href="https://www.amazon.com/dp/B001PME62K?tag=eloabder-20&linkCode=osi&th=1&psc=1">View Product</a></div><div class="product"><a href="https://www.amazon.com/dp/B0D2JBKYM1?tag=eloabder-20&linkCode=osi&th=1&psc=1"><img src="https://m.media-amazon.com/images/I/41zFTU9QpfL._SL500_.jpg" alt="Product Image"></a><p>Bostitch Office Stapler, No-Jam Premium for Desktop, Includes 1,250 Staples, Full-Strip, 25 Sheet Capacity, Black</p><p> -26% 0FF </p><p>$6.99</p><a href="https://www.amazon.com/dp/B0D2JBKYM1?tag=eloabder-20&linkCode=osi&th=1&psc=1">View Product</a></div><div class="product"><a href="https://www.amazon.com/dp/B0CC5GJKM1?tag=eloabder-20&linkCode=osi&th=1&psc=1"><img src="https://m.media-amazon.com/images/I/41JDDoSZQiL._SL500_.jpg" alt="Product Image"></a><p>Metal Stapler Heavy Duty 50 Sheet Capacity with 1750 Staples and Staple Remover, Full Strip Staplers for Desk, No Jam, Non-Slip for Office & Classroom, Black</p><p> -33% 0FF </p><p>$13.29</p><a href="https://www.amazon.com/dp/B0CC5GJKM1?tag=eloabder-20&linkCode=osi&th=1&psc=1">View Product</a></div><div class="product"><a href="https://www.amazon.com/dp/B0006HUQZ6?tag=eloabder-20&linkCode=osi&th=1&psc=1"><img src="https://m.media-amazon.com/images/I/31e-T-f1TGL._SL500_.jpg" alt="Product Image"></a><p>Swingline Stapler, 30 Sheet Capacity, 747 Business Stapler, Jam Free, Metal, Rio Red (74736)</p><p> -23% 0FF </p><p>$15.30</p><a href="https://www.amazon.com/dp/B0006HUQZ6?tag=eloabder-20&linkCode=osi&th=1&psc=1">View Product</a></div>
<div class="product"><a href="https://www.amazon.com/dp/B00J8PJJF0?tag=eloabder-20&linkCode=osi&th=1&psc=1"><img src="https://m.media-amazon.com/images/I/418dc+5ZGkL._SL500_.jpg" alt="Product Image"></a><p>Bostitch Office Premium Standard Staples, 1/4" Full Strip, Box of 5,000 Staples</p><p> -27% 0FF </p><p>$4.39</p><a href="https://www.amazon.com/dp/B00J8PJJF0?tag=eloabder-20&linkCode=osi&th=1&psc=1">View Product</a></div><div class="product"><a href="https://www.amazon.com/dp/B079VYR12V?tag=eloabder-20&linkCode=osi&th=1&psc=1"><img src="https://m.media-amazon.com/images/I/51xAt88vqrL._SL500_.jpg" alt="Product Image"></a><p>Officemate Standard Staples, 10 Boxes General Purpose Staple (91950)</p><p> -10% 0FF </p><p>$14.37</p><a href="https://www.amazon.com/dp/B079VYR12V?tag=eloabder-20&linkCode=osi&th=1&psc=1">View Product</a></div><div class="product"><a href="https://www.amazon.com/dp/B00006IFMQ?tag=eloabder-20&linkCode=osi&th=1&psc=1"><img src="https://m.media-amazon.com/images/I/51UsWZuFq8L._SL500_.jpg" alt="Product Image"></a><p>Bostitch Office B8 PowerCrown 0.25 Inch Staples, Pack of 5,000 Staples (STCRP21151/4), Silver</p><p> -30% 0FF </p><p>$2.33</p><a href="https://www.amazon.com/dp/B00006IFMQ?tag=eloabder-20&linkCode=osi&th=1&psc=1">View Product</a></div>
<div class="product"><a href="https://www.amazon.com/dp/B000J07BRQ?tag=eloabder-20&linkCode=osi&th=1&psc=1"><img src="https://m.media-amazon.com/images/I/51QpJKjajbL._SL500_.jpg" alt="Product Image"></a><p>Scotch Heavy Duty Shipping Packing Tape, Clear, Packing Tape for Moving Boxes and Packaging Supplies, 1.88 in. x 22.2 yd., 6 Roll Dispensers, Moving Supplies</p><p> -35% 0FF </p><p>$12.99</p><a href="https://www.amazon.com/dp/B000J07BRQ?tag=eloabder-20&linkCode=osi&th=1&psc=1">View Product</a></div><div class="product"><a href="https://www.amazon.com/dp/B0000DH8HQ?tag=eloabder-20&linkCode=osi&th=1&psc=1"><img src="https://m.media-amazon.com/images/I/414lAY+087L._SL500_.jpg" alt="Product Image"></a><p>Scotch Magic Tape, Invisible Transparent Tape, 6 Tape Rolls with Dispensers, 3/4 in x 650 in</p><p> -23% 0FF </p><p>$12.34</p><a href="https://www.amazon.com/dp/B0000DH8HQ?tag=eloabder-20&linkCode=osi&th=1&psc=1">View Product</a></div><div class="product"><a href="https://www.amazon.com/dp/B0DQHV6X92?tag=eloabder-20&linkCode=osi&th=1&psc=1"><img src="https://m.media-amazon.com/images/I/51ViCFlgldL._SL500_.jpg" alt="Product Image"></a><p>BeataTap Tape, Invisible Tape, 6 Rolls + 6 Refillable Dispensers, Matte Finish, Writable, 3/4″ x 650″, Transparent Tape, Clear Tape for Gift Wrapping Paper, School Supplies</p><p> -15% 0FF </p><p>$5.94 ($0.99 / Count)</p><a href="https://www.amazon.com/dp/B0DQHV6X92?tag=eloabder-20&linkCode=osi&th=1&psc=1">View Product</a></div><div class="product"><a href="https://www.amazon.com/dp/B07CB6LN5S?tag=eloabder-20&linkCode=osi&th=1&psc=1"><img src="https://m.media-amazon.com/images/I/41NNyeISnjL._SL500_.jpg" alt="Product Image"></a><p>Scotch Super-Hold Tape, 2 Rolls, Transparent Finish, 50% More Adhesive, Trusted Favorite, 3/4 x 600 Inches, Dispensered (198DM-2)</p><p> -30% 0FF </p><p>$5.97</p><a href="https://www.amazon.com/dp/B07CB6LN5S?tag=eloabder-20&linkCode=osi&th=1&psc=1">View Product</a></div><div class="product"><a href="https://www.amazon.com/dp/B00464740A?tag=eloabder-20&linkCode=osi&th=1&psc=1"><img src="https://m.media-amazon.com/images/I/51ZPFoiGfuL._SL500_.jpg" alt="Product Image"></a><p>Scotch Sure Start Shipping Packaging Tape, 1.88" x 22.2 yd, Designed for Packing, Shipping and Mailing, Quiet Unwind, No Splitting or Tearing, 1.5" Core, Clear, 6 Dispensered Rolls (145-6)</p><p> -28% 0FF </p><p>$13.48</p><a href="https://www.amazon.com/dp/B00464740A?tag=eloabder-20&linkCode=osi&th=1&psc=1">View Product</a></div><div class="product"><a href="https://www.amazon.com/dp/B09C6LLG9P?tag=eloabder-20&linkCode=osi&th=1&psc=1"><img src="https://m.media-amazon.com/images/I/41rbv66ZNBL._SL500_.jpg" alt="Product Image"></a><p>Scotch Box Lock Packaging Tape, 1 Roll with Dispenser, 1.88 in x 1000 in, Extreme Grip, Sticks Instantly to Any Box (195L)</p><p> -31% 0FF </p><p>$4.12</p><a href="https://www.amazon.com/dp/B09C6LLG9P?tag=eloabder-20&linkCode=osi&th=1&psc=1">View Product</a></div>
<div class="product"><a href="https://www.amazon.com/dp/B08QQZ71CV?tag=eloabder-20&linkCode=osi&th=1&psc=1"><img src="https://m.media-amazon.com/images/I/51Foz0aGYoS._SL500_.jpg" alt="Product Image"></a><p>Gorilla Super Glue, Clear Glue, Four 3 Gram Tubes (Pack of 1) - All Purpose and Fast Setting for Projects and Repairs</p><p> -25% 0FF </p><p>$9.49 ($22.60 / Ounce)</p><a href="https://www.amazon.com/dp/B08QQZ71CV?tag=eloabder-20&linkCode=osi&th=1&psc=1">View Product</a></div><div class="product"><a href="https://www.amazon.com/dp/B07J6R3GK7?tag=eloabder-20&linkCode=osi&th=1&psc=1"><img src="https://m.media-amazon.com/images/I/31kdOjGBkpL._SL500_.jpg" alt="Product Image"></a><p>Amazon Basics All Purpose Washable School Clear Liquid Glue - Great for Making Slime, 128 fl oz</p><p> -6% 0FF </p><p>$16.13</p><a href="https://www.amazon.com/dp/B07J6R3GK7?tag=eloabder-20&linkCode=osi&th=1&psc=1">View Product</a></div><div class="product"><a href="https://www.amazon.com/dp/B00178QQJ8?tag=eloabder-20&linkCode=osi&th=1&psc=1"><img src="https://m.media-amazon.com/images/I/41zs6k410RL._SL500_.jpg" alt="Product Image"></a><p>Mod Podge Gloss Sealer, Glue & Finish: All-in-One Craft Solution- Quick Dry, Easy Clean, for Wood, Paper, Fabric & More. Non-Toxic - Craft with Confidence, Made in USA, 16 oz., Pack of 1</p><p> -36% 0FF </p><p>$7.99 ($0.50 / Fl Oz)</p><a href="https://www.amazon.com/dp/B00178QQJ8?tag=eloabder-20&linkCode=osi&th=1&psc=1">View Product</a></div><div class="product"><a href="https://www.amazon.com/dp/B073V14DZJ?tag=eloabder-20&linkCode=osi&th=1&psc=1"><img src="https://m.media-amazon.com/images/I/31Iyy5+vk6L._SL500_.jpg" alt="Product Image"></a><p>Amazon Basics All Purpose Washable School Craft Liquid Glue for Making Slime, White, Single Pack, 1 Gallon</p><p> -7% 0FF </p><p>$15.54</p><a href="https://www.amazon.com/dp/B073V14DZJ?tag=eloabder-20&linkCode=osi&th=1&psc=1">View Product</a></div><div class="product"><a href="https://www.amazon.com/dp/B0006HUJCQ?tag=eloabder-20&linkCode=osi&th=1&psc=1"><img src="https://m.media-amazon.com/images/I/511pTqChTCL._SL500_.jpg" alt="Product Image"></a><p>Loctite Super Glue Gel Control, Clear, 0.14 fl oz Bottle, 1 Pack - Superglue for Plastic, Wood, Metal, Crafts & Repair, Cyanoacrylate Adhesive Instant Glue, Quick Dry</p><p> -13% 0FF </p><p>$3.64 ($26.00 / Fl Oz)</p><a href="https://www.amazon.com/dp/B0006HUJCQ?tag=eloabder-20&linkCode=osi&th=1&psc=1">View Product</a></div>
<div class="product"><a href="https://www.amazon.com/dp/B074XTRX7K?tag=eloabder-20&linkCode=osi&th=1&psc=1"><img src="https://m.media-amazon.com/images/I/31rOPIrMfDL._SL500_.jpg" alt="Product Image"></a><p>Amazon Basics Sturdy Binder Clips for Office Use, 96 Count (8 Pack of 12), Medium, 1.25 in, Black</p><p> -26% 0FF </p><p>$7.48</p><a href="https://www.amazon.com/dp/B074XTRX7K?tag=eloabder-20&linkCode=osi&th=1&psc=1">View Product</a></div><div class="product"><a href="https://www.amazon.com/dp/B00TQ8FDB8?tag=eloabder-20&linkCode=osi&th=1&psc=1"><img src="https://m.media-amazon.com/images/I/51y7lUrMLnL._SL500_.jpg" alt="Product Image"></a><p>ACCO Binder Clips, Medium, Black, 12 per Box, 2 Boxes (72062)</p><p> -25% 0FF </p><p>$5.96</p><a href="https://www.amazon.com/dp/B00TQ8FDB8?tag=eloabder-20&linkCode=osi&th=1&psc=1">View Product</a></div><div class="product"><a href="https://www.amazon.com/dp/B08KWCDP3C?tag=eloabder-20&linkCode=osi&th=1&psc=1"><img src="https://m.media-amazon.com/images/I/41qucDz6HuL._SL500_.jpg" alt="Product Image"></a><p>Ufmarine Medium Binder Clips 1.25 inch Length, (40 Pcs) Colorful Paper Clips Medium for Office</p><p> -12% 0FF </p><p>$5.99</p><a href="https://www.amazon.com/dp/B08KWCDP3C?tag=eloabder-20&linkCode=osi&th=1&psc=1">View Product</a></div>
<div class="product"><a href="https://www.amazon.com/dp/B09XQLJFDD?tag=eloabder-20&linkCode=osi&th=1&psc=1"><img src="https://m.media-amazon.com/images/I/41iiSFMy4uL._SL500_.jpg" alt="Product Image"></a><p>PAPERPAL Paperclips for Office School & Personal Use, #1 Nonskid Paper Clip (1-2/7"), 600 Medium Paper Clips (6 Boxes of 100 Each), Silver</p><p> -20% 0FF </p><p>$7.99</p><a href="https://www.amazon.com/dp/B09XQLJFDD?tag=eloabder-20&linkCode=osi&th=1&psc=1">View Product</a></div>

<div class="product"><a href="https://www.amazon.com/dp/B004I2G8NO?tag=eloabder-20&linkCode=osi&th=1&psc=1"><img src="https://m.media-amazon.com/images/I/51WEsLRINGL._SL500_.jpg" alt="Product Image"></a><p>Business Source Rubber Band, Natural (1914LB)</p><p> -26% 0FF </p><p>$4.00</p><a href="https://www.amazon.com/dp/B004I2G8NO?tag=eloabder-20&linkCode=osi&th=1&psc=1">View Product</a></div><div class="product"><a href="https://www.amazon.com/dp/B077GDY1LP?tag=eloabder-20&linkCode=osi&th=1&psc=1"><img src="https://m.media-amazon.com/images/I/41nn0nmNTiL._SL500_.jpg" alt="Product Image"></a><p>ANNIE 1000 RUBBER BANDS 1/2" #BLACK</p><p> -7% 0FF </p><p>$4.90 ($1.22 / Count)</p><a href="https://www.amazon.com/dp/B077GDY1LP?tag=eloabder-20&linkCode=osi&th=1&psc=1">View Product</a></div><div class="product"><a href="https://www.amazon.com/dp/B000783OPI?tag=eloabder-20&linkCode=osi&th=1&psc=1"><img src="https://m.media-amazon.com/images/I/510okXKzMqL._SL500_.jpg" alt="Product Image"></a><p>Universal 00419 19-Size Rubber Bands (335 Per Pack), Beige</p><p> -29% 0FF </p><p>$3.44</p><a href="https://www.amazon.com/dp/B000783OPI?tag=eloabder-20&linkCode=osi&th=1&psc=1">View Product</a></div><div class="product"><a href="https://www.amazon.com/dp/B00006IBRU?tag=eloabder-20&linkCode=osi&th=1&psc=1"><img src="https://m.media-amazon.com/images/I/51pU5khkX8L._SL500_.jpg" alt="Product Image"></a><p>ALL26335 - Alliance Rubber 26335 Advantage Rubber Bands - Size #33, Natural, 1 Pound 3 x 1/8 inches</p><p> -62% 0FF </p><p>$3.29</p><a href="https://www.amazon.com/dp/B00006IBRU?tag=eloabder-20&linkCode=osi&th=1&psc=1">View Product</a></div>
<div class="product"><a href="https://www.amazon.com/dp/B0DSKTZBB6?tag=eloabder-20&linkCode=osi&th=1&psc=1"><img src="https://m.media-amazon.com/images/I/415YD3kNFlL._SL500_.jpg" alt="Product Image"></a><p>300 Count Colored Index Cards 3 x 5 Inch Ruled Index Cards, Flash Cards College Ruled for School, College, Office and Home Organization, Durable Study To Do List Note Cards with Ruled Lines</p><p> -10% 0FF </p><p>$6.29</p><a href="https://www.amazon.com/dp/B0DSKTZBB6?tag=eloabder-20&linkCode=osi&th=1&psc=1">View Product</a></div><div class="product"><a href="https://www.amazon.com/dp/B09JYQZQ3V?tag=eloabder-20&linkCode=osi&th=1&psc=1"><img src="https://m.media-amazon.com/images/I/41y5vfnutuL._SL500_.jpg" alt="Product Image"></a><p>Oxford Index Cards, 3 x 5 Inches, White, Lined on Front, Blank on Back, Flashcards for School and Studying, Recipe Note Cards, 500 Count (5 Packs of 100) (40176)</p><p> -22% 0FF </p><p>$7.01</p><a href="https://www.amazon.com/dp/B09JYQZQ3V?tag=eloabder-20&linkCode=osi&th=1&psc=1">View Product</a></div>
<div class="product"><a href="https://www.amazon.com/dp/B00P9U2EM8?tag=eloabder-20&linkCode=osi&th=1&psc=1"><img src="https://m.media-amazon.com/images/I/41Op5kyIukL._SL500_.jpg" alt="Product Image"></a><p>Mead Spiral Notebook, 6 Pack, 1 Subject, College Ruled Paper, 7-1/2" x 10-1/2", 70 Sheets per Notebook, Colors Will Vary (830062-ECM25)</p><p> -46% 0FF </p><p>$6.71</p><a href="https://www.amazon.com/dp/B00P9U2EM8?tag=eloabder-20&linkCode=osi&th=1&psc=1">View Product</a></div><div class="product"><a href="https://www.amazon.com/dp/B0CQN8FVJX?tag=eloabder-20&linkCode=osi&th=1&psc=1"><img src="https://m.media-amazon.com/images/I/414WVVoGFPL._SL500_.jpg" alt="Product Image"></a><p>SUNEE Spiral Notebooks, 1-Subject, 5 Pack, College Ruled Paper, 8" x 10-1/2", 70 Sheets per Notebook,3-Hole Punched Paper, Pink,Purple, Blue, Green, Yellow Spiral Lined Notebooks for School,Work</p><p> -29% 0FF </p><p>$9.99</p><a href="https://www.amazon.com/dp/B0CQN8FVJX?tag=eloabder-20&linkCode=osi&th=1&psc=1">View Product</a></div><div class="product"><a href="https://www.amazon.com/dp/B08NYRMWZ8?tag=eloabder-20&linkCode=osi&th=1&psc=1"><img src="https://m.media-amazon.com/images/I/41y1cnNXtOL._SL500_.jpg" alt="Product Image"></a><p>Yansanido Spiral Notebook, 4 Pcs 8.3 Inch x 5.9 Inch A5 Thick Plastic Hardcover 8mm Ruled 4 Color 80 Sheets -160 Pages Journals for Study and Notes (style 10-Wine Red,Brown,Green,ivory, A5)</p><p> -23% 0FF </p><p>$9.99</p><a href="https://www.amazon.com/dp/B08NYRMWZ8?tag=eloabder-20&linkCode=osi&th=1&psc=1">View Product</a></div><div class="product"><a href="https://www.amazon.com/dp/B08VF9VYLZ?tag=eloabder-20&linkCode=osi&th=1&psc=1"><img src="https://m.media-amazon.com/images/I/41ktUSmtHAL._SL500_.jpg" alt="Product Image"></a><p>Oxford Spiral Notebooks, 6 Pack, 1 Subject, Wide Ruled Notebooks for School, 8 x 10.5 Inches, 70 Sheets, Assorted Pastel Colors, Back to School Supplies (63757)</p><p> -6% 0FF </p><p>$8.99</p><a href="https://www.amazon.com/dp/B08VF9VYLZ?tag=eloabder-20&linkCode=osi&th=1&psc=1">View Product</a></div>
<div class="product"><a href="https://www.amazon.com/dp/B0FDRCSXZH?tag=eloabder-20&linkCode=osi&th=1&psc=1"><img src="https://m.media-amazon.com/images/I/41rYztS-0zL._SL500_.jpg" alt="Product Image"></a><p>5pcs Small Note Pads, Color Notepads 5x8 College Ruled Notebook, Writing Pads 5 x 8, Legal Pads, Memo Pad Paper Perforate Narrow Ruled Notebooks for Work, School, Office Supplies,30 Sheets/Pack</p><p> -14% 0FF </p><p>$5.99</p><a href="https://www.amazon.com/dp/B0FDRCSXZH?tag=eloabder-20&linkCode=osi&th=1&psc=1">View Product</a></div><div class="product"><a href="https://www.amazon.com/dp/B0BZQNCV62?tag=eloabder-20&linkCode=osi&th=1&psc=1"><img src="https://m.media-amazon.com/images/I/41yNqvqCwoL._SL500_.jpg" alt="Product Image"></a><p>Alitte Legal Notepads 8.5 x 11, Pack of 12 - Perforated Wide Ruled Writing Pad - Premium Thick Paper, No Ink Bleeding - Blank Legal Pads For Home, Office, School, Business - 50 Sheets Per Notebook</p><p> -17% 0FF </p><p>$24.99</p><a href="https://www.amazon.com/dp/B0BZQNCV62?tag=eloabder-20&linkCode=osi&th=1&psc=1">View Product</a></div>
<div class="product"><a href="https://www.amazon.com/dp/B0C7S1PCX4?tag=eloabder-20&linkCode=osi&th=1&psc=1"><img src="https://m.media-amazon.com/images/I/41nVRBg2klL._SL500_.jpg" alt="Product Image"></a><p>Oxford 8.5 x 11 Legal Pads, 12 Pack, Wide Ruled, Yellow Paper, 50 Sheets Per Writing Pad, Made in the USA (74020)</p><p> -30% 0FF </p><p>$12.60</p><a href="https://www.amazon.com/dp/B0C7S1PCX4?tag=eloabder-20&linkCode=osi&th=1&psc=1">View Product</a></div><div class="product"><a href="https://www.amazon.com/dp/B0CGF22134?tag=eloabder-20&linkCode=osi&th=1&psc=1"><img src="https://m.media-amazon.com/images/I/41FzLgeXAyL._SL500_.jpg" alt="Product Image"></a><p>MSKKSM Legal Pads 8.5 x 11, 3 Pack Yellow Note Pads 8.5 x 11 Writing Pads, Wide Ruled Legal Notepads, Lined Pads of Paper Yellow Paper Pads, 30 Sheets Per Notepad for School, Home, Office, Business</p><p> -17% 0FF </p><p>$9.99</p><a href="https://www.amazon.com/dp/B0CGF22134?tag=eloabder-20&linkCode=osi&th=1&psc=1">View Product</a></div><div class="product"><a href="https://www.amazon.com/dp/B0FCMWHFC2?tag=eloabder-20&linkCode=osi&th=1&psc=1"><img src="https://m.media-amazon.com/images/I/41MMVFB-S4L._SL500_.jpg" alt="Product Image"></a><p>5pcs Legal Pads 8.5 x 11, Notepads 8.5 x 11 Inch, Color Note Pads Clear Print Writing Pads of Paper, Memo Pads , Perforate Legal Notepads Paper , Wide Ruled Lined with Sturdy Back,30 Sheets/Pack</p><p> -8% 0FF </p><p>$11.99</p><a href="https://www.amazon.com/dp/B0FCMWHFC2?tag=eloabder-20&linkCode=osi&th=1&psc=1">View Product</a></div>
<div class="product"><a href="https://www.amazon.com/dp/B08H593JZG?tag=eloabder-20&linkCode=osi&th=1&psc=1"><img src="https://m.media-amazon.com/images/I/415Ykzo-lyL._SL500_.jpg" alt="Product Image"></a><p>Eastern Wolf 8 Pads Sticky Notes 3x3 Self-Stick Notes 8 Bright Multi Colors Purple Sticky Notes, 85 Sheet/Pad</p><p> -20% 0FF </p><p>$5.59</p><a href="https://www.amazon.com/dp/B08H593JZG?tag=eloabder-20&linkCode=osi&th=1&psc=1">View Product</a></div><div class="product"><a href="https://www.amazon.com/dp/B0BPJW13CM?tag=eloabder-20&linkCode=osi&th=1&psc=1"><img src="https://m.media-amazon.com/images/I/41uKwTyz1rL._SL500_.jpg" alt="Product Image"></a><p>Post-it 100% Recycled Paper Super Sticky Notes, 2X The Sticking Power, 3x3 in, 5 Pads, 70 Sheets/Pad, Wanderlust Pastels Collection (654R-5SSNRP)</p><p> -33% 0FF </p><p>$5.98</p><a href="https://www.amazon.com/dp/B0BPJW13CM?tag=eloabder-20&linkCode=osi&th=1&psc=1">View Product</a></div><div class="product"><a href="https://www.amazon.com/dp/B0D6RPPK9H?tag=eloabder-20&linkCode=osi&th=1&psc=1"><img src="https://m.media-amazon.com/images/I/41O8zZ-RN4L._SL500_.jpg" alt="Product Image"></a><p>(18 Pads) Sticky Notes 3x3 inch, Self-Stick Pads Bright Colors Sticky Note, Recyclable, Easy to Post for Home, Office, Notebook</p><p> -40% 0FF </p><p>$8.39</p><a href="https://www.amazon.com/dp/B0D6RPPK9H?tag=eloabder-20&linkCode=osi&th=1&psc=1">View Product</a></div><div class="product"><a href="https://www.amazon.com/dp/B0CMGJ6FRB?tag=eloabder-20&linkCode=osi&th=1&psc=1"><img src="https://m.media-amazon.com/images/I/41xF9DqIGZL._SL500_.jpg" alt="Product Image"></a><p>Sticky Notes, 12 Pads, 3x3 inches, Soft Pastel Self-Stick Note Pads, Perfect for Office, Study, and Daily Life Organization - Soft Pastel</p><p> -16% 0FF </p><p>$5.06</p><a href="https://www.amazon.com/dp/B0CMGJ6FRB?tag=eloabder-20&linkCode=osi&th=1&psc=1">View Product</a></div>
<div class="product"><a href="https://www.amazon.com/dp/B07VRYX57R?tag=eloabder-20&linkCode=osi&th=1&psc=1"><img src="https://m.media-amazon.com/images/I/410XbLRqukL._SL500_.jpg" alt="Product Image"></a><p>(24 Pack) Sticky Notes 3x3 in Post Bright Stickies Colorful Super Sticking Power Memo Pads, Strong Adhesive, 74 Sheets/pad</p><p> -35% 0FF </p><p>$16.99</p><a href="https://www.amazon.com/dp/B07VRYX57R?tag=eloabder-20&linkCode=osi&th=1&psc=1">View Product</a></div><div class="product"><a href="https://www.amazon.com/dp/B00QSR9PRI?tag=eloabder-20&linkCode=osi&th=1&psc=1"><img src="https://m.media-amazon.com/images/I/31n-YNlgraL._SL500_.jpg" alt="Product Image"></a><p>Amazon Basics Narrow Ruled Lined Writing Note Pad, 5 inch x 8 inch, White, 12 Count (12 Pack of 50 pages)</p><p> -6% 0FF </p><p>$8.78</p><a href="https://www.amazon.com/dp/B00QSR9PRI?tag=eloabder-20&linkCode=osi&th=1&psc=1">View Product</a></div><div class="product"><a href="https://www.amazon.com/dp/B0D5M4D3NN?tag=eloabder-20&linkCode=osi&th=1&psc=1"><img src="https://m.media-amazon.com/images/I/41uzPvHBCDL._SL500_.jpg" alt="Product Image"></a><p>(12 Pack) Lined Sticky Notes 4x6 in Ruled Stickies Super Sticking Power Memo Pads Bright Colors</p><p> -40% 0FF </p><p>$8.98</p><a href="https://www.amazon.com/dp/B0D5M4D3NN?tag=eloabder-20&linkCode=osi&th=1&psc=1">View Product</a></div><div class="product"><a href="https://www.amazon.com/dp/B0CQK3M5VK?tag=eloabder-20&linkCode=osi&th=1&psc=1"><img src="https://m.media-amazon.com/images/I/31jKEzc1qFL._SL500_.jpg" alt="Product Image"></a><p>Note Pads 4x6 Inch, 6 Pack Blank Scratch Pads, 50 Sheets Per Memo Pad for Writing, White Pad of Paper Suit for Home, Office and School, Tear off Notepad, Small Server Notebook</p><p> -10% 0FF </p><p>$6.29</p><a href="https://www.amazon.com/dp/B0CQK3M5VK?tag=eloabder-20&linkCode=osi&th=1&psc=1">View Product</a></div>
<div class="product"><a href="https://www.amazon.com/dp/B0F5D4VNBX?tag=eloabder-20&linkCode=osi&th=1&psc=1"><img src="https://m.media-amazon.com/images/I/41SnXbixNcL._SL500_.jpg" alt="Product Image"></a><p>Blue Sky 2026 Weekly and Monthly Planner Calendar, Includes January 2026 - December 2026, 5" x 8", Flexible Cover, Wirebound, Laminated Tabs, Enterprise</p><p> -10% 0FF </p><p>$8.99</p><a href="https://www.amazon.com/dp/B0F5D4VNBX?tag=eloabder-20&linkCode=osi&th=1&psc=1">View Product</a></div><div class="product"><a href="https://www.amazon.com/dp/B0FRNQDRCR?tag=eloabder-20&linkCode=osi&th=1&psc=1"><img src="https://m.media-amazon.com/images/I/51rBf1oJchL._SL500_.jpg" alt="Product Image"></a><p>Essential PRO 2026 Daily, Weekly & Monthly Planner, 7"x9": 14 Months (Nov 2025 - Dec 2026) Monthly Tabs,Daily Tracking,Notes Pages,Storage Pocket,Bookmark w Sticky Notes (Tree Seasons)</p><p> -14% 0FF </p><p>$29.95</p><a href="https://www.amazon.com/dp/B0FRNQDRCR?tag=eloabder-20&linkCode=osi&th=1&psc=1">View Product</a></div><div class="product"><a href="https://www.amazon.com/dp/B0DYBQWJ5S?tag=eloabder-20&linkCode=osi&th=1&psc=1"><img src="https://m.media-amazon.com/images/I/41UP6Ui7BjL._SL500_.jpg" alt="Product Image"></a><p>AT-A-GLANCE 2026 Appointment Book Planner, Weekly, 8" x 11", Large, Quarter-Hourly, DayMinder, Black (G5200026)</p><p> -45% 0FF </p><p>$15.87</p><a href="https://www.amazon.com/dp/B0DYBQWJ5S?tag=eloabder-20&linkCode=osi&th=1&psc=1">View Product</a></div><div class="product"><a href="https://www.amazon.com/dp/B0DJ8SXCR4?tag=eloabder-20&linkCode=osi&th=1&psc=1"><img src="https://m.media-amazon.com/images/I/41sRmmLvCsL._SL500_.jpg" alt="Product Image"></a><p>Planner 2025-2026, Weekly and Monthly Calendar Academic Planner (July 2025 - June 2026), Hardcover Teacher School Student Agenda with Tabs, Ideal for School Office Supplies, A5 (6.3" x 8.5") - Green</p><p> -25% 0FF </p><p>$8.99</p><a href="https://www.amazon.com/dp/B0DJ8SXCR4?tag=eloabder-20&linkCode=osi&th=1&psc=1">View Product</a></div><div class="product"><a href="https://www.amazon.com/dp/B0D2VW43KP?tag=eloabder-20&linkCode=osi&th=1&psc=1"><img src="https://m.media-amazon.com/images/I/41eyA1Q1U4L._SL500_.jpg" alt="Product Image"></a><p>Forvencer 2026 Planner, Hardcover Calendar Planner Weekly and Monthly, January 2026 - December 2026, 8.5" x 11", Spiral Agenda Book with Tabs, Exquisite Daily Journal with Inner Pocket, Organizer Notebook for Office Home School, A4 Size, Green</p><p> -41% 0FF </p><p>$9.99</p><a href="https://www.amazon.com/dp/B0D2VW43KP?tag=eloabder-20&linkCode=osi&th=1&psc=1">View Product</a></div>
<div class="product"><a href="https://www.amazon.com/dp/B0DYBYRY3R?tag=eloabder-20&linkCode=osi&th=1&psc=1"><img src="https://m.media-amazon.com/images/I/41oxPcKnCuL._SL500_.jpg" alt="Product Image"></a><p>AT-A-GLANCE 2026 Desk Calendar, Monthly, Desk Pad, 21-3/4" x 17", Large, Ruled Blocks (SK240026)</p><p> -19% 0FF </p><p>$11.89</p><a href="https://www.amazon.com/dp/B0DYBYRY3R?tag=eloabder-20&linkCode=osi&th=1&psc=1">View Product</a></div><div class="product"><a href="https://www.amazon.com/dp/B0DXQ416QR?tag=eloabder-20&linkCode=osi&th=1&psc=1"><img src="https://m.media-amazon.com/images/I/41o3YUjfIVL._SL500_.jpg" alt="Product Image"></a><p>Aesthetic 2025-2026 Wall Calendar - Runs from May 2025 Until December 2026 - The Perfect Modern Calendar Planner for Easy Organizing</p><p> -43% 0FF </p><p>$3.99</p><a href="https://www.amazon.com/dp/B0DXQ416QR?tag=eloabder-20&linkCode=osi&th=1&psc=1">View Product</a></div><div class="product"><a href="https://www.amazon.com/dp/B0CCRXKSK8?tag=eloabder-20&linkCode=osi&th=1&psc=1"><img src="https://m.media-amazon.com/images/I/51eOdkimr+L._SL500_.jpg" alt="Product Image"></a><p>SUNEE Wall Calendar 2025-2026 Large 22.75"x15.5", 21 Month Calendar from October 2025 to June 2027, Vertical Extra Large Monthly Calendar 2026 for Wall, Seasons Color</p><p> -24% 0FF </p><p>$15.19</p><a href="https://www.amazon.com/dp/B0CCRXKSK8?tag=eloabder-20&linkCode=osi&th=1&psc=1">View Product</a></div><div class="product"><a href="https://www.amazon.com/dp/B0F7HZ7C9G?tag=eloabder-20&linkCode=osi&th=1&psc=1"><img src="https://m.media-amazon.com/images/I/41rkKO18HGL._SL500_.jpg" alt="Product Image"></a><p>Beautiful 2025-2026 Wall Calendar - Runs from July 2025 until December 2026 – Large 14.5" x 11.5" Office Wall Calendar for Easy Organizing</p><p> -10% 0FF </p><p>$8.99</p><a href="https://www.amazon.com/dp/B0F7HZ7C9G?tag=eloabder-20&linkCode=osi&th=1&psc=1">View Product</a></div><div class="product"><a href="https://www.amazon.com/dp/B0DYDC7ZLV?tag=eloabder-20&linkCode=osi&th=1&psc=1"><img src="https://m.media-amazon.com/images/I/51MOLWJ45HL._SL500_.jpg" alt="Product Image"></a><p>XISIDO 2025-2026 Wall Calendar, Calendar 2025-2026, 18 Month Calendar July 2025 - December 2026, 14.8" X 11.5", Calendar with Twin-Wire Binding, Hanging Hook and Julian Dates (Seasonal Designs)</p><p> -20% 0FF </p><p>$7.99</p><a href="https://www.amazon.com/dp/B0DYDC7ZLV?tag=eloabder-20&linkCode=osi&th=1&psc=1">View Product</a></div><div class="product"><a href="https://www.amazon.com/dp/B0D2KCVBBD?tag=eloabder-20&linkCode=osi&th=1&psc=1"><img src="https://m.media-amazon.com/images/I/51Eg-3ZKZxL._SL500_.jpg" alt="Product Image"></a><p>XISIDO Calendar 2025-2026, 18 Months Wall Calendar July 2025 to Dec 2026 Calendar with Julian Dates, 11" X 8.5" (Colorful)</p><p> -33% 0FF </p><p>$3.99</p><a href="https://www.amazon.com/dp/B0D2KCVBBD?tag=eloabder-20&linkCode=osi&th=1&psc=1">View Product</a></div><div class="product"><a href="https://www.amazon.com/dp/B0DY7R9226?tag=eloabder-20&linkCode=osi&th=1&psc=1"><img src="https://m.media-amazon.com/images/I/41eTUjCfzFL._SL500_.jpg" alt="Product Image"></a><p>Lbylyhxc Wall Calendar 2025-2026 - Runs from July 2025 to December 2026-18 Monthly Calendar 2026. Thick Paper includes major holidays and dedicated space for notes and important dates (Colorful Calendar 2025-2026)</p><p> -50% 0FF </p><p>$2.49</p><a href="https://www.amazon.com/dp/B0DY7R9226?tag=eloabder-20&linkCode=osi&th=1&psc=1">View Product</a></div>
<div class="product"><a href="https://www.amazon.com/dp/B00NI5LVAW?tag=eloabder-20&linkCode=osi&th=1&psc=1"><img src="https://m.media-amazon.com/images/I/31X0RgqQ1ML._SL500_.jpg" alt="Product Image"></a><p>Pendaflex File Folders, Letter Size, 1/3 Cut, Manila, 250 per Box (752250)</p><p> -11% 0FF </p><p>$26.50</p><a href="https://www.amazon.com/dp/B00NI5LVAW?tag=eloabder-20&linkCode=osi&th=1&psc=1">View Product</a></div><div class="product"><a href="https://www.amazon.com/dp/B0D1YBFHS8?tag=eloabder-20&linkCode=osi&th=1&psc=1"><img src="https://m.media-amazon.com/images/I/41qkHxiS+vL._SL500_.jpg" alt="Product Image"></a><p>SUNEE File Folders, 30 Pack Manilla Folders 8.5 x 11, Colored File Folders Home Office School Supplies for Documents Files Paper, 6 Assorted Colors</p><p> -26% 0FF </p><p>$9.99</p><a href="https://www.amazon.com/dp/B0D1YBFHS8?tag=eloabder-20&linkCode=osi&th=1&psc=1">View Product</a></div><div class="product"><a href="https://www.amazon.com/dp/B000DZ9XGO?tag=eloabder-20&linkCode=osi&th=1&psc=1"><img src="https://m.media-amazon.com/images/I/31WKzTB-4WL._SL500_.jpg" alt="Product Image"></a><p>Oxford Two-Pocket Folders, Assorted Colors, Letter Size, 25 per box (57513)</p><p> -32% 0FF </p><p>$12.23</p><a href="https://www.amazon.com/dp/B000DZ9XGO?tag=eloabder-20&linkCode=osi&th=1&psc=1">View Product</a></div><div class="product"><a href="https://www.amazon.com/dp/B0F8H75MLS?tag=eloabder-20&linkCode=osi&th=1&psc=1"><img src="https://m.media-amazon.com/images/I/41GV18+8+zL._SL500_.jpg" alt="Product Image"></a><p>Plastic Folders with Pockets, 6 Pack Document Folders with Business Card Slot, 2 Pocket Folders Back to School Supplies for Kids, Office</p><p> -33% 0FF </p><p>$5.99</p><a href="https://www.amazon.com/dp/B0F8H75MLS?tag=eloabder-20&linkCode=osi&th=1&psc=1">View Product</a></div><div class="product"><a href="https://www.amazon.com/dp/B0CPDTKFVF?tag=eloabder-20&linkCode=osi&th=1&psc=1"><img src="https://m.media-amazon.com/images/I/41PQ8ToLyhL._SL500_.jpg" alt="Product Image"></a><p>Aegero Plastic Folders with Pockets (7 Pack, Assorted Colors), Durable Heavy Duty File Folders with Business Card Slot, 2-Pocket Folder for Schoolwork & Office,Letter Size…</p><p> -11% 0FF </p><p>$7.99</p><a href="https://www.amazon.com/dp/B0CPDTKFVF?tag=eloabder-20&linkCode=osi&th=1&psc=1">View Product</a></div>
<div class="product"><a href="https://www.amazon.com/dp/B0CSPT4RFH?tag=eloabder-20&linkCode=osi&th=1&psc=1"><img src="https://m.media-amazon.com/images/I/31O8kdFg7FL._SL500_.jpg" alt="Product Image"></a><p>Two Tone Color File Folders 8.5 x 11 Inch, 1/3 Cut Tab File Folders Letter Size, Assorted Colors, Blue Red Green Yellow Orange Manila File Folders, School Business Office Folders for Document -15 Pack</p><p> -13% 0FF </p><p>$6.99</p><a href="https://www.amazon.com/dp/B0CSPT4RFH?tag=eloabder-20&linkCode=osi&th=1&psc=1">View Product</a></div><div class="product"><a href="https://www.amazon.com/dp/B01MXC0YS5?tag=eloabder-20&linkCode=osi&th=1&psc=1"><img src="https://m.media-amazon.com/images/I/41YLerNwKTL._SL500_.jpg" alt="Product Image"></a><p>Pendaflex Hanging File Folders, Letter Size, Assorted Colors, 1/5-Cut Adjustable Tabs, 25 Per Box (81663)</p><p> -7% 0FF </p><p>$13.99</p><a href="https://www.amazon.com/dp/B01MXC0YS5?tag=eloabder-20&linkCode=osi&th=1&psc=1">View Product</a></div><div class="product"><a href="https://www.amazon.com/dp/B0896Q5MMC?tag=eloabder-20&linkCode=osi&th=1&psc=1"><img src="https://m.media-amazon.com/images/I/41jDOLSqtWL._SL500_.jpg" alt="Product Image"></a><p>Pendaflex Two Tone Color File Folders, Letter Size, Assorted Colors (Teal, Violet, Gray, Navy and Burgundy), 1/3-Cut Tabs, 5 Color, 100/Box, (02315)</p><p> -27% 0FF </p><p>$13.89</p><a href="https://www.amazon.com/dp/B0896Q5MMC?tag=eloabder-20&linkCode=osi&th=1&psc=1">View Product</a></div><div class="product"><a href="https://www.amazon.com/dp/B0D1YCC6KK?tag=eloabder-20&linkCode=osi&th=1&psc=1"><img src="https://m.media-amazon.com/images/I/31aHHvZVc+L._SL500_.jpg" alt="Product Image"></a><p>SUNEE File Folders, 30 Pack Manilla Folders 8.5 x 11, Colored File Folders Home Office School Supplies for Documents Files Paper,6 Pastel Colors</p><p> -26% 0FF </p><p>$9.99</p><a href="https://www.amazon.com/dp/B0D1YCC6KK?tag=eloabder-20&linkCode=osi&th=1&psc=1">View Product</a></div>
<div class="product"><a href="https://www.amazon.com/dp/B0FGXLHFDD?tag=eloabder-20&linkCode=osi&th=1&psc=1"><img src="https://m.media-amazon.com/images/I/414ng1TKsOL._SL500_.jpg" alt="Product Image"></a><p>Trandraft Plastic Extra Capacity Hanging File Folders, 5 Inch Expanding Pocket with Movable Dividers, Letter Size Black File Folders with Insertable Tabs for Filing Cabine</p><p> -5% 0FF </p><p>$18.99</p><a href="https://www.amazon.com/dp/B0FGXLHFDD?tag=eloabder-20&linkCode=osi&th=1&psc=1">View Product</a></div><div class="product"><a href="https://www.amazon.com/dp/B08QTW4GJT?tag=eloabder-20&linkCode=osi&th=1&psc=1"><img src="https://m.media-amazon.com/images/I/41OVgNttdnL._SL500_.jpg" alt="Product Image"></a><p>Pendaflex Reinforced Hanging Folders, Letter Size, Assorted Colors 1/5 Cut, Tabs and Inserts, 25 Per Box (41522AMZ)</p><p> -32% 0FF </p><p>$13.99</p><a href="https://www.amazon.com/dp/B08QTW4GJT?tag=eloabder-20&linkCode=osi&th=1&psc=1">View Product</a></div><div class="product"><a href="https://www.amazon.com/dp/B07Y67ZCJS?tag=eloabder-20&linkCode=osi&th=1&psc=1"><img src="https://m.media-amazon.com/images/I/51g37Wkw2CL._SL500_.jpg" alt="Product Image"></a><p>EASEPRES 5 Pocket Mesh Hanging Wall File Organizer, Wall Mounted Mail Paper Document Folder Holder, Clipboard Storage Organization Magazine Rack with Nametag Label for Office Home School, Black</p><p> -30% 0FF </p><p>$22.99</p><a href="https://www.amazon.com/dp/B07Y67ZCJS?tag=eloabder-20&linkCode=osi&th=1&psc=1">View Product</a></div><div class="product"><a href="https://www.amazon.com/dp/B0CGWNNBCV?tag=eloabder-20&linkCode=osi&th=1&psc=1"><img src="https://m.media-amazon.com/images/I/31SGzCfPDcL._SL500_.jpg" alt="Product Image"></a><p>SUNEE 25 Count Hanging File Folders, Pastel Colors, Hanging File Folders Letter Size, Hanging Folders with 1/5-cut Tabs, Designed for Bulky Files, Filing Cabinets, Medical Charts</p><p> -15% 0FF </p><p>$16.99</p><a href="https://www.amazon.com/dp/B0CGWNNBCV?tag=eloabder-20&linkCode=osi&th=1&psc=1">View Product</a></div><div class="product"><a href="https://www.amazon.com/dp/B00006IF4G?tag=eloabder-20&linkCode=osi&th=1&psc=1"><img src="https://m.media-amazon.com/images/I/31LuYqWSObL._SL500_.jpg" alt="Product Image"></a><p>Smead Standard Hanging File Folders, 25 Count, Assorted Primaries, 1/5-Cut Adjustable Tabs, Letter Size (64059)</p><p> -7% 0FF </p><p>$13.55</p><a href="https://www.amazon.com/dp/B00006IF4G?tag=eloabder-20&linkCode=osi&th=1&psc=1">View Product</a></div>
<div class="product"><a href="https://www.amazon.com/dp/B0C77GP9XB?tag=eloabder-20&linkCode=osi&th=1&psc=1"><img src="https://m.media-amazon.com/images/I/415Jszg3LKL._SL500_.jpg" alt="Product Image"></a><p>SKYDUE Expanding File Organizer with 8 Pockets, Accordion File Folders with Labels, Portable Document Paper Bill Receipt Organizer, Home College School Office Supplies, Letter Size, Blue</p><p> -13% 0FF </p><p>$6.98</p><a href="https://www.amazon.com/dp/B0C77GP9XB?tag=eloabder-20&linkCode=osi&th=1&psc=1">View Product</a></div><div class="product"><a href="https://www.amazon.com/dp/B0013CETUQ?tag=eloabder-20&linkCode=osi&th=1&psc=1"><img src="https://m.media-amazon.com/images/I/51GxTzd4XbL._SL500_.jpg" alt="Product Image"></a><p>Pendaflex R217DHD Heavy-Duty Expanding Open Top File, 31 Pockets, 1/3 Tab, Letter, Brown</p><p> -36% 0FF </p><p>$15.90</p><a href="https://www.amazon.com/dp/B0013CETUQ?tag=eloabder-20&linkCode=osi&th=1&psc=1">View Product</a></div><div class="product"><a href="https://www.amazon.com/dp/B000UHJCZC?tag=eloabder-20&linkCode=osi&th=1&psc=1"><img src="https://m.media-amazon.com/images/I/31bbG1gUU2L._SL500_.jpg" alt="Product Image"></a><p>Pendaflex Expanding File Pockets, Letter Size, Redrope, 3.5" Expansion, Reinforced with DuPont™ Tyvek® Material, Redrope, 25 per Box (1524E-OX)</p><p> -9% 0FF </p><p>$27.37</p><a href="https://www.amazon.com/dp/B000UHJCZC?tag=eloabder-20&linkCode=osi&th=1&psc=1">View Product</a></div><div class="product"><a href="https://www.amazon.com/dp/B000FD9YHM?tag=eloabder-20&linkCode=osi&th=1&psc=1"><img src="https://m.media-amazon.com/images/I/511Yz6zbRaL._SL500_.jpg" alt="Product Image"></a><p>Pendaflex Heavy Duty Expanding File with Extra-Thick Cover, Tyvek Reinforced Edges, 21 Pockets, A–Z Tabs, Elastic Cord Closure, Letter Size (R117ALHD),Brown</p><p> -14% 0FF </p><p>$14.99</p><a href="https://www.amazon.com/dp/B000FD9YHM?tag=eloabder-20&linkCode=osi&th=1&psc=1">View Product</a></div>
<div class="product"><a href="https://www.amazon.com/dp/B07GKPZDG4?tag=eloabder-20&linkCode=osi&th=1&psc=1"><img src="https://m.media-amazon.com/images/I/51sUuF8kU-L._SL500_.jpg" alt="Product Image"></a><p>Cardinal Economy 3 Ring Binder, 1.5 Inch, Presentation View, Black, Holds 350 Sheets, Nonstick, PVC Free, 4 Pack of Binders (79519)</p><p> -42% 0FF </p><p>$9.19</p><a href="https://www.amazon.com/dp/B07GKPZDG4?tag=eloabder-20&linkCode=osi&th=1&psc=1">View Product</a></div><div class="product"><a href="https://www.amazon.com/dp/B0BF57LL4V?tag=eloabder-20&linkCode=osi&th=1&psc=1"><img src="https://m.media-amazon.com/images/I/317fBolZ+4L._SL500_.jpg" alt="Product Image"></a><p>1-inch 3 Ring Binder with 2 Interior Pockets, 1'' Basic Binders Holds US Letter Size 8.5'' x 11'' Paper - Versatile Binders for Office, Home, and School Use, 6 Pack (White)</p><p> -15% 0FF </p><p>$24.64</p><a href="https://www.amazon.com/dp/B0BF57LL4V?tag=eloabder-20&linkCode=osi&th=1&psc=1">View Product</a></div><div class="product"><a href="https://www.amazon.com/dp/B0BXKQ7YTW?tag=eloabder-20&linkCode=osi&th=1&psc=1"><img src="https://m.media-amazon.com/images/I/416TyBdEZYL._SL500_.jpg" alt="Product Image"></a><p>SUNEE 3 Ring Binder 1 Inch 4 Pack, Clear View 1" Binders Three Ring PVC-Free (Fit 8.5x11 Inches) for School or Office Supplies, Assorted Pastel</p><p> -17% 0FF </p><p>$14.85</p><a href="https://www.amazon.com/dp/B0BXKQ7YTW?tag=eloabder-20&linkCode=osi&th=1&psc=1">View Product</a></div><div class="product"><a href="https://www.amazon.com/dp/B0D2ZF8FHZ?tag=eloabder-20&linkCode=osi&th=1&psc=1"><img src="https://m.media-amazon.com/images/I/31smaJgK7vL._SL500_.jpg" alt="Product Image"></a><p>BinderX Extra Durable 3 Ring Binder, Round Rings 1 Inch Binder, Fits 175 Sheets of 8.5x11 Paper, Customizable View Cover with Inside Pockets, Cute 1" Binders, 1 Inch Binders 3 Ring, Pink</p><p> -36% 0FF </p><p>$8.99</p><a href="https://www.amazon.com/dp/B0D2ZF8FHZ?tag=eloabder-20&linkCode=osi&th=1&psc=1">View Product</a></div><div class="product"><a href="https://www.amazon.com/dp/B001B0GJDU?tag=eloabder-20&linkCode=osi&th=1&psc=1"><img src="https://m.media-amazon.com/images/I/41vpkaYBqsL._SL500_.jpg" alt="Product Image"></a><p>Avery Heavy-Duty View 3 Ring Binder, 1" One Touch Slant Rings, Holds 8.5" x 11" Paper, 1 Black Binder (05300)</p><p> -46% 0FF </p><p>$5.89</p><a href="https://www.amazon.com/dp/B001B0GJDU?tag=eloabder-20&linkCode=osi&th=1&psc=1">View Product</a></div>
<div class="product"><a href="https://www.amazon.com/dp/B092CM3KVX?tag=eloabder-20&linkCode=osi&th=1&psc=1"><img src="https://m.media-amazon.com/images/I/51kltWaLgmL._SL500_.jpg" alt="Product Image"></a><p>Avery Write & Erase Dividers for 3 Ring Binders, 8 Tabs per Set, Multicolor Big Tabs, Pastels, Binder Dividers Great for Organizing Reports, Projects, and More (16271)</p><p> -31% 0FF </p><p>$3.90</p><a href="https://www.amazon.com/dp/B092CM3KVX?tag=eloabder-20&linkCode=osi&th=1&psc=1">View Product</a></div><div class="product"><a href="https://www.amazon.com/dp/B08WBYPVGJ?tag=eloabder-20&linkCode=osi&th=1&psc=1"><img src="https://m.media-amazon.com/images/I/31NPQ52TfAL._SL500_.jpg" alt="Product Image"></a><p>Oxford Blank Write On Binder Dividers, 1/5 Cut Tabs, 3 Hole Punch Dividers in 5 Tab Sets, 100 Dividers, 20 Sets, White (89981)</p><p> -5% 0FF </p><p>$15.19</p><a href="https://www.amazon.com/dp/B08WBYPVGJ?tag=eloabder-20&linkCode=osi&th=1&psc=1">View Product</a></div><div class="product"><a href="https://www.amazon.com/dp/B0CZL39ZHS?tag=eloabder-20&linkCode=osi&th=1&psc=1"><img src="https://m.media-amazon.com/images/I/41APO6LBeCL._SL500_.jpg" alt="Product Image"></a><p>Forvencer 8 Count Dividers with Two Pockets, 8 tabs Binder Dividers for 3 Ring Binder Organizer, Multicolor, 1 Set</p><p> -25% 0FF </p><p>$5.99</p><a href="https://www.amazon.com/dp/B0CZL39ZHS?tag=eloabder-20&linkCode=osi&th=1&psc=1">View Product</a></div><div class="product"><a href="https://www.amazon.com/dp/B01FKMCNL6?tag=eloabder-20&linkCode=osi&th=1&psc=1"><img src="https://m.media-amazon.com/images/I/510vgT9G85L._SL500_.jpg" alt="Product Image"></a><p>Avery Binder Dividers - 5-Tab Insertable Multicolor Big Tabs for Binders, 6 Sets of Dividers (11109)</p><p> -11% 0FF </p><p>$5.78</p><a href="https://www.amazon.com/dp/B01FKMCNL6?tag=eloabder-20&linkCode=osi&th=1&psc=1">View Product</a></div><div class="product"><a href="https://www.amazon.com/dp/B0CQ4YNHX8?tag=eloabder-20&linkCode=osi&th=1&psc=1"><img src="https://m.media-amazon.com/images/I/315hb+NtGGL._SL500_.jpg" alt="Product Image"></a><p>Binder Dividers for 3 Ring Binder, 1/5 Cut Tabs, Letter Size, Blank Write On Page Dividers with 5 Big Tabs for School Office Home, 4 Sets, 20 Dividers, White</p><p> -14% 0FF </p><p>$5.98</p><a href="https://www.amazon.com/dp/B0CQ4YNHX8?tag=eloabder-20&linkCode=osi&th=1&psc=1">View Product</a></div><div class="product"><a href="https://www.amazon.com/dp/B01HC4KIVW?tag=eloabder-20&linkCode=osi&th=1&psc=1"><img src="https://m.media-amazon.com/images/I/412g1OcKv-L._SL500_.jpg" alt="Product Image"></a><p>Avery Big Tab Write & Erase Durable Plastic Dividers for 3 Ring Binders, 8-Tab Set, Bright Multicolor, 1 Set (16130)</p><p> -23% 0FF </p><p>$4.33</p><a href="https://www.amazon.com/dp/B01HC4KIVW?tag=eloabder-20&linkCode=osi&th=1&psc=1">View Product</a></div><div class="product"><a href="https://www.amazon.com/dp/B0000AQOB0?tag=eloabder-20&linkCode=osi&th=1&psc=1"><img src="https://m.media-amazon.com/images/I/51ek4ZNke4L._SL500_.jpg" alt="Product Image"></a><p>Avery 12 Tab Dividers for 3 Ring Binders, Customizable Table of Contents, Multicolor Tabs, 6 Sets (11196)</p><p> -36% 0FF </p><p>$17.99</p><a href="https://www.amazon.com/dp/B0000AQOB0?tag=eloabder-20&linkCode=osi&th=1&psc=1">View Product</a></div>
<div class="product"><a href="https://www.amazon.com/dp/B07R795LTM?tag=eloabder-20&linkCode=osi&th=1&psc=1"><img src="https://m.media-amazon.com/images/I/31OAmU6E5kL._SL500_.jpg" alt="Product Image"></a><p>Amazon Basics Polypropylene (PP) Sheet Protector, Non-Glare, 200 Pack, Clear</p><p> -13% 0FF </p><p>$10.40</p><a href="https://www.amazon.com/dp/B07R795LTM?tag=eloabder-20&linkCode=osi&th=1&psc=1">View Product</a></div><div class="product"><a href="https://www.amazon.com/dp/B0D62ZBV24?tag=eloabder-20&linkCode=osi&th=1&psc=1"><img src="https://m.media-amazon.com/images/I/41n9XbYoyhL._SL500_.jpg" alt="Product Image"></a><p>Aegero 65 Pack Clear Sheet Protectors, 8.5 x 11 inch Page Protectors for 3 Ring Binder,Top Loading Paper Protector for Documents and Photos,Letter Size</p><p> -20% 0FF </p><p>$3.99</p><a href="https://www.amazon.com/dp/B0D62ZBV24?tag=eloabder-20&linkCode=osi&th=1&psc=1">View Product</a></div><div class="product"><a href="https://www.amazon.com/dp/B08CMG5MCB?tag=eloabder-20&linkCode=osi&th=1&psc=1"><img src="https://m.media-amazon.com/images/I/410BZVBSLLL._SL500_.jpg" alt="Product Image"></a><p>Sheet Protectors, PANDRI 500 Pack Clear Heavy Duty Plastic Page Protectors Sheet Reinforced 11-Hole Fit for 3 Ring Binder Fits Standard 8.5 x 11 Paper, 9.25 x 11.25 Top Loaded, Excluding Acid</p><p> -15% 0FF </p><p>$22.94</p><a href="https://www.amazon.com/dp/B08CMG5MCB?tag=eloabder-20&linkCode=osi&th=1&psc=1">View Product</a></div><div class="product"><a href="https://www.amazon.com/dp/B0DZ6J73VW?tag=eloabder-20&linkCode=osi&th=1&psc=1"><img src="https://m.media-amazon.com/images/I/41NNzcs8bsL._SL500_.jpg" alt="Product Image"></a><p>TUOKCALB 50 Pack Clear Sheet Protectors for 3 Ring Binder, Polypropylene Acid-Free Material, 8.5 x 11 Inch Letter Size, Protector of Your Documents</p><p> -18% 0FF </p><p>$3.29</p><a href="https://www.amazon.com/dp/B0DZ6J73VW?tag=eloabder-20&linkCode=osi&th=1&psc=1">View Product</a></div><div class="product"><a href="https://www.amazon.com/dp/B0D294F9GZ?tag=eloabder-20&linkCode=osi&th=1&psc=1"><img src="https://m.media-amazon.com/images/I/41szN7I4ozL._SL500_.jpg" alt="Product Image"></a><p>Sheet Protectors 8.5 x11 Inch, 100 Pack Page Protectors for 3 Ring Binder, Top Loading Plastic Sleeves with Reinforced 3-Hole Punch for Binders, Letter Size, for Documents and Photos, Office Supplies.</p><p> -23% 0FF </p><p>$9.99</p><a href="https://www.amazon.com/dp/B0D294F9GZ?tag=eloabder-20&linkCode=osi&th=1&psc=1">View Product</a></div><div class="product"><a href="https://www.amazon.com/dp/B0D59XF4D3?tag=eloabder-20&linkCode=osi&th=1&psc=1"><img src="https://m.media-amazon.com/images/I/41EpBhN87iL._SL500_.jpg" alt="Product Image"></a><p>DOSEWART 70Pack Sheet Protectors, Clear Heavy Duty Plastic Page Protectors for 3 Ring Binder, Top Loading Sheet Protectors 8.5 x 11” for Photo, Paper, Document Protector</p><p> -43% 0FF </p><p>$3.99</p><a href="https://www.amazon.com/dp/B0D59XF4D3?tag=eloabder-20&linkCode=osi&th=1&psc=1">View Product</a></div>
<div class="product"><a href="https://www.amazon.com/dp/B000T9MP5U?tag=eloabder-20&linkCode=osi&th=1&psc=1"><img src="https://m.media-amazon.com/images/I/41zOycTbMML._SL500_.jpg" alt="Product Image"></a><p>Mead #10 Security Business Envelopes Letter Size 4-1/8" x 9-1/2" – Peel and Seal, Privacy Lined, No-Window, Press-It Seal-It Self-Adhesive for Home & Office Mailing, 45 Count (75026)</p><p> -13% 0FF </p><p>$3.57</p><a href="https://www.amazon.com/dp/B000T9MP5U?tag=eloabder-20&linkCode=osi&th=1&psc=1">View Product</a></div><div class="product"><a href="https://www.amazon.com/dp/B06VVLD2GL?tag=eloabder-20&linkCode=osi&th=1&psc=1"><img src="https://m.media-amazon.com/images/I/11zBoWnx9uL._SL500_.jpg" alt="Product Image"></a><p>Amazon Basics 10 Security-Tinted Self-Seal Business Letter Envelopes, Peel & Seal Adhesive Closure, White, 500-Pack</p><p> -5% 0FF </p><p>$18.04</p><a href="https://www.amazon.com/dp/B06VVLD2GL?tag=eloabder-20&linkCode=osi&th=1&psc=1">View Product</a></div><div class="product"><a href="https://www.amazon.com/dp/B07FMDV5LR?tag=eloabder-20&linkCode=osi&th=1&psc=1"><img src="https://m.media-amazon.com/images/I/41jTu3FDgaL._SL500_.jpg" alt="Product Image"></a><p>Quality Park #6 3/4 Self-Seal Security Envelopes, Security Tint and Pattern, Redi-Strip Closure, 24-lb White Wove, 3-5/8 x 6-1/2, 100/Box (QUA10417)</p><p> -23% 0FF </p><p>$4.99</p><a href="https://www.amazon.com/dp/B07FMDV5LR?tag=eloabder-20&linkCode=osi&th=1&psc=1">View Product</a></div>
<div class="product"><a href="https://www.amazon.com/dp/B00004Z5SM?tag=eloabder-20&linkCode=osi&th=1&psc=1"><img src="https://m.media-amazon.com/images/I/41LHX+FB2PL._SL500_.jpg" alt="Product Image"></a><p>Avery Easy Peel Printable Address Labels with Sure Feed, 1" x 2-5/8" Customizable Stickers, White, 750 Blank Mailing Labels, Great for Mailing, Shipping, and More (8160)</p><p> -48% 0FF </p><p>$8.99</p><a href="https://www.amazon.com/dp/B00004Z5SM?tag=eloabder-20&linkCode=osi&th=1&psc=1">View Product</a></div><div class="product"><a href="https://www.amazon.com/dp/B089LHX8Q6?tag=eloabder-20&linkCode=osi&th=1&psc=1"><img src="https://m.media-amazon.com/images/I/41+HcHENwbL._SL500_.jpg" alt="Product Image"></a><p>KKBESTPACK Half Sheet Shipping Labels for Laser and Inkjet Printers – 2 Per Page Self Adhesive Mailing Labels – White 8.5 x 5.5 (200 Labels) (2LP)</p><p> -10% 0FF </p><p>$9.86</p><a href="https://www.amazon.com/dp/B089LHX8Q6?tag=eloabder-20&linkCode=osi&th=1&psc=1">View Product</a></div><div class="product"><a href="https://www.amazon.com/dp/B001SN8ITI?tag=eloabder-20&linkCode=osi&th=1&psc=1"><img src="https://m.media-amazon.com/images/I/51vJip236KL._SL500_.jpg" alt="Product Image"></a><p>Avery Easy Peel Printable Address Labels with Sure Feed, 1" x 2-5/8" Customizable Stickers, White, 300 Blank Mailing Labels, Great for Mailing, Shipping, and More (18160)</p><p> -38% 0FF </p><p>$5.54</p><a href="https://www.amazon.com/dp/B001SN8ITI?tag=eloabder-20&linkCode=osi&th=1&psc=1">View Product</a></div><div class="product"><a href="https://www.amazon.com/dp/B0C2P8YTW2?tag=eloabder-20&linkCode=osi&th=1&psc=1"><img src="https://m.media-amazon.com/images/I/51EeHFqmTKL._SL500_.jpg" alt="Product Image"></a><p>FungLam 1" x 2-5/8" Shipping Address Labels 900 Label Stickers Paper for Laser/Inkjet Printer 30 per Page Printable Mailing Labels (30 Sheets, 900 Labels)</p><p> -25% 0FF </p><p>$5.99</p><a href="https://www.amazon.com/dp/B0C2P8YTW2?tag=eloabder-20&linkCode=osi&th=1&psc=1">View Product</a></div>
<div class="product"><a href="https://www.amazon.com/dp/B07X41JJXB?tag=eloabder-20&linkCode=osi&th=1&psc=1"><img src="https://m.media-amazon.com/images/I/31V4rpfdGtL._SL500_.jpg" alt="Product Image"></a><p>KKBESTPACK 100 Large Poly Mailers 10x13 Shipping Bags for Small Business – Self Sealing Package Envelopes (10 x 13 Pack of 100, Black)</p><p> -10% 0FF </p><p>$8.94 ($0.09 / Count)</p><a href="https://www.amazon.com/dp/B07X41JJXB?tag=eloabder-20&linkCode=osi&th=1&psc=1">View Product</a></div><div class="product"><a href="https://www.amazon.com/dp/B08C9T3997?tag=eloabder-20&linkCode=osi&th=1&psc=1"><img src="https://m.media-amazon.com/images/I/41CMEDIsQEL._SL500_.jpg" alt="Product Image"></a><p>Anylabel 2" x 3" Fragile Stickers for Shipping and Moving Please Handle with Care Fragile Thank You Do Not Drop, Warning Stickers Fragile Labels, Permanent Adhesive(500 Labels, 1 Roll)</p><p> -33% 0FF </p><p>$5.99</p><a href="https://www.amazon.com/dp/B08C9T3997?tag=eloabder-20&linkCode=osi&th=1&psc=1">View Product</a></div>

<div class="product"><a href="https://www.amazon.com/dp/B07S1JPBL3?tag=eloabder-20&linkCode=osi&th=1&psc=1"><img src="https://m.media-amazon.com/images/I/31f-QQIYroL._SL500_.jpg" alt="Product Image"></a><p>Amazon Basics Bubble Cushioning Wrap Packing Material for Fragile Items, Perforated, 12 inch x 175 ft Long Roll, Small 3/16", Clear</p><p> -6% 0FF </p><p>$21.99</p><a href="https://www.amazon.com/dp/B07S1JPBL3?tag=eloabder-20&linkCode=osi&th=1&psc=1">View Product</a></div><div class="product"><a href="https://www.amazon.com/dp/B0829D1D7V?tag=eloabder-20&linkCode=osi&th=1&psc=1"><img src="https://m.media-amazon.com/images/I/41azI2zaEYL._SL500_.jpg" alt="Product Image"></a><p>Bubble Cushioning Wrap Rolls, 3/16" x 12" x 72' ft Total [2 Rolls of 36 Feet] Perforated Every 12", 20 Fragile Stickers for Packaging, Shipping, Mailing</p><p> -14% 0FF </p><p>$18.99 ($9.50 / Count)</p><a href="https://www.amazon.com/dp/B0829D1D7V?tag=eloabder-20&linkCode=osi&th=1&psc=1">View Product</a></div><div class="product"><a href="https://www.amazon.com/dp/B011TB3UF0?tag=eloabder-20&linkCode=osi&th=1&psc=1"><img src="https://m.media-amazon.com/images/I/413RZYGr8kL._SL500_.jpg" alt="Product Image"></a><p>Duck Brand Bubble Wrap Original Protective Packaging, 12 Inches Wide x 30-Feet Long, Single Roll (393251), Clear</p><p> -26% 0FF </p><p>$8.85 ($0.30 / Sq Ft)</p><a href="https://www.amazon.com/dp/B011TB3UF0?tag=eloabder-20&linkCode=osi&th=1&psc=1">View Product</a></div>
<div class="product"><a href="https://www.amazon.com/dp/B016CV811U?tag=eloabder-20&linkCode=osi&th=1&psc=1"><img src="https://m.media-amazon.com/images/I/21hieSulLcL._SL500_.jpg" alt="Product Image"></a><p>MFLABEL Half Sheet Shipping Labels - 200 Self Adhesive Sticker Sheets for Laser & Inkjet Printers, Waterproof & Smudge-Free, with 12 Free Fragile Labels for Packaging, Shipping and Crafting</p><p> -5% 0FF </p><p>$9.49</p><a href="https://www.amazon.com/dp/B016CV811U?tag=eloabder-20&linkCode=osi&th=1&psc=1">View Product</a></div><div class="product"><a href="https://www.amazon.com/dp/B000093IJY?tag=eloabder-20&linkCode=osi&th=1&psc=1"><img src="https://m.media-amazon.com/images/I/51QdWTqr3AL._SL500_.jpg" alt="Product Image"></a><p>Avery Printable Shipping Labels with Sure Feed, 3-1/3" x 4", White, 150 Blank Mailing Labels (5264)</p><p> -20% 0FF </p><p>$13.62</p><a href="https://www.amazon.com/dp/B000093IJY?tag=eloabder-20&linkCode=osi&th=1&psc=1">View Product</a></div>
<div class="product"><a href="https://www.amazon.com/dp/B0B41X9SMT?tag=eloabder-20&linkCode=osi&th=1&psc=1"><img src="https://m.media-amazon.com/images/I/41CPFzKfW6L._SL500_.jpg" alt="Product Image"></a><p>Primy Drafting Chair Tall Office Chair with Flip-up Armrests Executive Ergonomic Computer Standing Desk Chair with Lumbar Support and Adjustable Footrest Ring (Black)</p><p> -16% 0FF </p><p>$108.96</p><a href="https://www.amazon.com/dp/B0B41X9SMT?tag=eloabder-20&linkCode=osi&th=1&psc=1">View Product</a></div><div class="product"><a href="https://www.amazon.com/dp/B0BFQX3YFY?tag=eloabder-20&linkCode=osi&th=1&psc=1"><img src="https://m.media-amazon.com/images/I/51+-fixEMUL._SL500_.jpg" alt="Product Image"></a><p>BlissTrends Foot Rest for Under Desk at Work-Versatile Foot Stool with Washable Cover-Comfortable Footrest with 2 Adjustable Heights for Car,Home and Office to Relieve Back,Lumbar,Knee Pain-Black</p><p> -39% 0FF </p><p>$18.99</p><a href="https://www.amazon.com/dp/B0BFQX3YFY?tag=eloabder-20&linkCode=osi&th=1&psc=1">View Product</a></div>
<div class="product"><a href="https://www.amazon.com/dp/B0CT8ZJ7ZC?tag=eloabder-20&linkCode=osi&th=1&psc=1"><img src="https://m.media-amazon.com/images/I/311UeVa48fL._SL500_.jpg" alt="Product Image"></a><p>HP OfficeJet Pro 8125e Wireless All-in-One Color Inkjet Printer, Print, scan, Copy, ADF, Duplex Printing Best-for-Home Office, 3 Month Instant Ink Trial Included, AI-Enabled (405T6A)</p><p> -21% 0FF </p><p>$109.99</p><a href="https://www.amazon.com/dp/B0CT8ZJ7ZC?tag=eloabder-20&linkCode=osi&th=1&psc=1">View Product</a></div><div class="product"><a href="https://www.amazon.com/dp/B0F1NJ75D5?tag=eloabder-20&linkCode=osi&th=1&psc=1"><img src="https://m.media-amazon.com/images/I/31pX+mOBu5L._SL500_.jpg" alt="Product Image"></a><p>HP DeskJet 2827e Wireless All-in-One Color Inkjet Printer, Scanner, Copier, Best-for-Home, 3 Month Instant Ink Trial Included, AI-Enabled (6W7F5A)</p><p> -41% 0FF </p><p>$49.99</p><a href="https://www.amazon.com/dp/B0F1NJ75D5?tag=eloabder-20&linkCode=osi&th=1&psc=1">View Product</a></div><div class="product"><a href="https://www.amazon.com/dp/B096N8DN2H?tag=eloabder-20&linkCode=osi&th=1&psc=1"><img src="https://m.media-amazon.com/images/I/316Ru3Zv4bL._SL500_.jpg" alt="Product Image"></a><p>Epson EcoTank ET-2800 Wireless Color All-in-One Cartridge-Free Supertank Printer with Scan and Copy â€“ The Ideal Basic Home Printer - Black, Medium</p><p> -25% 0FF </p><p>$179.99</p><a href="https://www.amazon.com/dp/B096N8DN2H?tag=eloabder-20&linkCode=osi&th=1&psc=1">View Product</a></div><div class="product"><a href="https://www.amazon.com/dp/B0FGC43YCL?tag=eloabder-20&linkCode=osi&th=1&psc=1"><img src="https://m.media-amazon.com/images/I/41LqmhjzXHL._SL500_.jpg" alt="Product Image"></a><p>Brother Work Smart 1360 Wireless Color Inkjet All-in-One Printer with Automatic Duplex Printing and 1.8” Color Display | Includes Refresh Subscription Trial(1) (MFC-J1360DW) (Uses LC501 Series Inks)</p><p> -18% 0FF </p><p>$89.99</p><a href="https://www.amazon.com/dp/B0FGC43YCL?tag=eloabder-20&linkCode=osi&th=1&psc=1">View Product</a></div><div class="product"><a href="https://www.amazon.com/dp/B0D1DV6FV5?tag=eloabder-20&linkCode=osi&th=1&psc=1"><img src="https://m.media-amazon.com/images/I/31-ZgpCGxiL._SL500_.jpg" alt="Product Image"></a><p>Canon PIXMA TS3720 Wireless All-in-One Printer (6671C022)</p><p> -38% 0FF </p><p>$54.00</p><a href="https://www.amazon.com/dp/B0D1DV6FV5?tag=eloabder-20&linkCode=osi&th=1&psc=1">View Product</a></div><div class="product"><a href="https://www.amazon.com/dp/B0BSMSYM9N?tag=eloabder-20&linkCode=osi&th=1&psc=1"><img src="https://m.media-amazon.com/images/I/31jPKfRqWSL._SL500_.jpg" alt="Product Image"></a><p>Canon MegaTank G3270 All-in-One Wireless Inkjet Printer. for Home Use, Print, Scan and Copy</p><p> -36% 0FF </p><p>$159.99</p><a href="https://www.amazon.com/dp/B0BSMSYM9N?tag=eloabder-20&linkCode=osi&th=1&psc=1">View Product</a></div>
<div class="product"><a href="https://www.amazon.com/dp/B0010JEJPC?tag=eloabder-20&linkCode=osi&th=1&psc=1"><img src="https://m.media-amazon.com/images/I/41O8Dj93QSL._SL500_.jpg" alt="Product Image"></a><p>Scotch TL901X Thermal Laminator, 1 Laminating Machine, Gray, Laminate School Assignments and Documents, for Dorm Room or School Supplies, 9 in.</p><p> -8% 0FF </p><p>$36.67</p><a href="https://www.amazon.com/dp/B0010JEJPC?tag=eloabder-20&linkCode=osi&th=1&psc=1">View Product</a></div><div class="product"><a href="https://www.amazon.com/dp/B0FRY6Z23J?tag=eloabder-20&linkCode=osi&th=1&psc=1"><img src="https://m.media-amazon.com/images/I/510BRY6bwzL._SL500_.jpg" alt="Product Image"></a><p>A3 Laminator Machine,13 Inch 9-in-1 Laminating Machine with Laminating Sheets,Thermal Laminator Hot & Cold with Fast Warm Technology for Home,Office or School Supplies(Black)</p><p> -80% 0FF </p><p>$49.99</p><a href="https://www.amazon.com/dp/B0FRY6Z23J?tag=eloabder-20&linkCode=osi&th=1&psc=1">View Product</a></div><div class="product"><a href="https://www.amazon.com/dp/B00CLV8ZIU?tag=eloabder-20&linkCode=osi&th=1&psc=1"><img src="https://m.media-amazon.com/images/I/414Ubx6GcML._SL500_.jpg" alt="Product Image"></a><p>Scotch PRO TL906 Thermal, Laminator Machine, 1 Laminating Device, White/Blue, Laminate Recipe Cards, Photos, Documents, for Home, Office, or School Supplies, 9 in</p><p> -42% 0FF </p><p>$43.80</p><a href="https://www.amazon.com/dp/B00CLV8ZIU?tag=eloabder-20&linkCode=osi&th=1&psc=1">View Product</a></div><div class="product"><a href="https://www.amazon.com/dp/B0CGC1WTV1?tag=eloabder-20&linkCode=osi&th=1&psc=1"><img src="https://m.media-amazon.com/images/I/41znZqCgzkL._SL500_.jpg" alt="Product Image"></a><p>Scotch Thermal Laminator, Extra Wide 13 Inch Input, Ideal for Teachers, Small Offices, or Home (TL1302X)</p><p> -24% 0FF </p><p>$47.58</p><a href="https://www.amazon.com/dp/B0CGC1WTV1?tag=eloabder-20&linkCode=osi&th=1&psc=1">View Product</a></div><div class="product"><a href="https://www.amazon.com/dp/B0FFSRRYQQ?tag=eloabder-20&linkCode=osi&th=1&psc=1"><img src="https://m.media-amazon.com/images/I/41n+2Vb8m2L._SL500_.jpg" alt="Product Image"></a><p>Laminator Machine, A4 Laminators Hot & Cold with 20 Laminating Sheets and Trimmer, 9 Inch Laminating Machine for Office, School, Business and Home</p><p> -57% 0FF </p><p>$29.99</p><a href="https://www.amazon.com/dp/B0FFSRRYQQ?tag=eloabder-20&linkCode=osi&th=1&psc=1">View Product</a></div><div class="product"><a href="https://www.amazon.com/dp/B007VBXB48?tag=eloabder-20&linkCode=osi&th=1&psc=1"><img src="https://m.media-amazon.com/images/I/41h-uQWFewL._SL500_.jpg" alt="Product Image"></a><p>Scotch Thermal Laminating Pouches, for Use with Thermal Laminators, 8.9 x 11.4 Inches, Letter Size Sheets, 100-Pack</p><p> -43% 0FF </p><p>$11.37</p><a href="https://www.amazon.com/dp/B007VBXB48?tag=eloabder-20&linkCode=osi&th=1&psc=1">View Product</a></div>
<div class="product"><a href="https://www.amazon.com/dp/B0CZP66BTJ?tag=eloabder-20&linkCode=osi&th=1&psc=1"><img src="https://m.media-amazon.com/images/I/410wj1x5eIL._SL500_.jpg" alt="Product Image"></a><p>Sweetcrispy Ergonomic Office Chair Heavy Duty Task Desk Chair with Flip-up Arms, PU Leather, Adjustable Swivel Rolling Chair with Wheels, Beige</p><p> -18% 0FF </p><p>$89.99</p><a href="https://www.amazon.com/dp/B0CZP66BTJ?tag=eloabder-20&linkCode=osi&th=1&psc=1">View Product</a></div><div class="product"><a href="https://www.amazon.com/dp/B00OCSNMO2?tag=eloabder-20&linkCode=osi&th=1&psc=1"><img src="https://m.media-amazon.com/images/I/41ZHAgGzr3L._SL500_.jpg" alt="Product Image"></a><p>Staples Hyken Ergonomic Swivel Task Chair, Adjustable Office Chair with Breathable Mesh and Lumbar Support, Perfect for Home and Office, Black</p><p> -7% 0FF </p><p>$129.99</p><a href="https://www.amazon.com/dp/B00OCSNMO2?tag=eloabder-20&linkCode=osi&th=1&psc=1">View Product</a></div><div class="product"><a href="https://www.amazon.com/dp/B0DXKCKPJG?tag=eloabder-20&linkCode=osi&th=1&psc=1"><img src="https://m.media-amazon.com/images/I/41HHOkCkcsL._SL500_.jpg" alt="Product Image"></a><p>Sweetcrispy Executive Home Office Desk Chair - Ergonomic Big Tall High Back with Footrest & Lumbar Support, Reclining Height Adjustable, Comfy PU Leather Computer Gaming with Swivel Wheels, White</p><p> -9% 0FF </p><p>$182.96</p><a href="https://www.amazon.com/dp/B0DXKCKPJG?tag=eloabder-20&linkCode=osi&th=1&psc=1">View Product</a></div><div class="product"><a href="https://www.amazon.com/dp/B0BHY5C5PC?tag=eloabder-20&linkCode=osi&th=1&psc=1"><img src="https://m.media-amazon.com/images/I/410TtD7nw9L._SL500_.jpg" alt="Product Image"></a><p>NEO CHAIR Office Desk Computer Chair Ergonomic Executive Mid-Back Leather Gaming Chair with Adjustable Flip-Up Armrests Wheels Swivel for Home Study Task (Jet Black)</p><p> -30% 0FF </p><p>$69.98</p><a href="https://www.amazon.com/dp/B0BHY5C5PC?tag=eloabder-20&linkCode=osi&th=1&psc=1">View Product</a></div>
<div class="product"><a href="https://www.amazon.com/dp/B08P3YVH3X?tag=eloabder-20&linkCode=osi&th=1&psc=1"><img src="https://m.media-amazon.com/images/I/41rW4JApydL._SL500_.jpg" alt="Product Image"></a><p>Epson Workforce ES-400 II Color Duplex Desktop Document Scanner for PC and Mac, with Auto Document Feeder (ADF) and Image Adjustment Tools, ES-400 II</p><p> -21% 0FF </p><p>$299.99</p><a href="https://www.amazon.com/dp/B08P3YVH3X?tag=eloabder-20&linkCode=osi&th=1&psc=1">View Product</a></div><div class="product"><a href="https://www.amazon.com/dp/B0F9B1H5VN?tag=eloabder-20&linkCode=osi&th=1&psc=1"><img src="https://m.media-amazon.com/images/I/41HifuXRYEL._SL500_.jpg" alt="Product Image"></a><p>ScanSnap iX2500 Wireless or USB High-Speed Cloud Enabled Document, Photo & Receipt Scanner with Large 5" Touchscreen and 100 Page Auto Document Feeder for Mac or PC, Black</p><p> -7% 0FF </p><p>$419.99</p><a href="https://www.amazon.com/dp/B0F9B1H5VN?tag=eloabder-20&linkCode=osi&th=1&psc=1">View Product</a></div><div class="product"><a href="https://www.amazon.com/dp/B07KQZWPYN?tag=eloabder-20&linkCode=osi&th=1&psc=1"><img src="https://m.media-amazon.com/images/I/21Ae0eJDWsL._SL500_.jpg" alt="Product Image"></a><p>Epson WorkForce ES-50 Portable Sheet-Fed Document Scanner for PC and Mac</p><p> -18% 0FF </p><p>$129.99</p><a href="https://www.amazon.com/dp/B07KQZWPYN?tag=eloabder-20&linkCode=osi&th=1&psc=1">View Product</a></div><div class="product"><a href="https://www.amazon.com/dp/B0C364K1SC?tag=eloabder-20&linkCode=osi&th=1&psc=1"><img src="https://m.media-amazon.com/images/I/41LKHn9dimL._SL500_.jpg" alt="Product Image"></a><p>Epson Perfection V19 II Color Photo and Document Flatbed Scanner with 4800 dpi Optical Resolution, USB Power and High-Rise, Removable Lid</p><p> -10% 0FF </p><p>$89.99</p><a href="https://www.amazon.com/dp/B0C364K1SC?tag=eloabder-20&linkCode=osi&th=1&psc=1">View Product</a></div><div class="product"><a href="https://www.amazon.com/dp/B09FX5SRQT?tag=eloabder-20&linkCode=osi&th=1&psc=1"><img src="https://m.media-amazon.com/images/I/41VnXqJ86dL._SL500_.jpg" alt="Product Image"></a><p>ScanSnap iX1300 Compact Wireless or USB Double-Sided Color Document, Photo & Receipt Scanner with Auto Document Feeder and Manual Feeder for Mac or PC, Black</p><p> -20% 0FF </p><p>$279.99</p><a href="https://www.amazon.com/dp/B09FX5SRQT?tag=eloabder-20&linkCode=osi&th=1&psc=1">View Product</a></div><div class="product"><a href="https://www.amazon.com/dp/B08P3ZT5WH?tag=eloabder-20&linkCode=osi&th=1&psc=1"><img src="https://m.media-amazon.com/images/I/410lohpNzaL._SL500_.jpg" alt="Product Image"></a><p>Epson Workforce ES-580W Wireless Color Duplex Desktop Document Scanner for PC and Mac with 100-sheet Auto Document Feeder (ADF) and Intuitive 4.3" Touchscreen</p><p> -20% 0FF </p><p>$359.99</p><a href="https://www.amazon.com/dp/B08P3ZT5WH?tag=eloabder-20&linkCode=osi&th=1&psc=1">View Product</a></div>

<div class="product"><a href="https://www.amazon.com/dp/B0033J6V3A?tag=eloabder-20&linkCode=osi&th=1&psc=1"><img src="https://m.media-amazon.com/images/I/21o5ASbichL._SL500_.jpg" alt="Product Image"></a><p>NuSparc 2 Drawer Locking Filing Cabinet | Pre-Assembled Steel Construction | Space-Saving Design is Perfect for Home and Small Office | Letter-Size | Assembled in North America</p><p> -14% 0FF </p><p>$76.99</p><a href="https://www.amazon.com/dp/B0033J6V3A?tag=eloabder-20&linkCode=osi&th=1&psc=1">View Product</a></div><div class="product"><a href="https://www.amazon.com/dp/B0D9XYD75W?tag=eloabder-20&linkCode=osi&th=1&psc=1"><img src="https://m.media-amazon.com/images/I/31VM3xK++PL._SL500_.jpg" alt="Product Image"></a><p>BYNSOE 2 Drawer File Cabinet with Lock Vertical Filing Storage Cabinet Office Home Steel Vertical File Cabinets for Letter Size File Cabinet Locked,Assembly Required</p><p> -8% 0FF </p><p>$54.99</p><a href="https://www.amazon.com/dp/B0D9XYD75W?tag=eloabder-20&linkCode=osi&th=1&psc=1">View Product</a></div><div class="product"><a href="https://www.amazon.com/dp/B0989HLF81?tag=eloabder-20&linkCode=osi&th=1&psc=1"><img src="https://m.media-amazon.com/images/I/51vzgnkbcjL._SL500_.jpg" alt="Product Image"></a><p>DEVAISE 3 Drawer Mobile File Cabinet, Wood Lateral Filing Cabinet, Printer Stand with Open Shelves for Home Office, Rustic Brown</p><p> -21% 0FF </p><p>$74.99</p><a href="https://www.amazon.com/dp/B0989HLF81?tag=eloabder-20&linkCode=osi&th=1&psc=1">View Product</a></div>
<div class="product"><a href="https://www.amazon.com/dp/B00006RSQD?tag=eloabder-20&linkCode=osi&th=1&psc=1"><img src="https://m.media-amazon.com/images/I/315rez3KpeL._SL500_.jpg" alt="Product Image"></a><p>Bush Business Furniture Series C 36W Tall 5 Shelf Bookcase in Hansen Cherry, Large Storage and Display Bookshelf for Home or Professional Office</p><p> -8% 0FF </p><p>$239.49</p><a href="https://www.amazon.com/dp/B00006RSQD?tag=eloabder-20&linkCode=osi&th=1&psc=1">View Product</a></div>
<div class="product"><a href="https://www.amazon.com/dp/B09F6JPYSY?tag=eloabder-20&linkCode=osi&th=1&psc=1"><img src="https://m.media-amazon.com/images/I/51fGLH7lhHL._SL500_.jpg" alt="Product Image"></a><p>SPACELEAD Slim Storage Cart 3 Tier,Bathroom Organizer Rolling Utility,Mobile Shelving Unit Slide Out for Office, Kitchen, Laundry Room & Narrow Places,Black</p><p> -30% 0FF </p><p>$20.99</p><a href="https://www.amazon.com/dp/B09F6JPYSY?tag=eloabder-20&linkCode=osi&th=1&psc=1">View Product</a></div><div class="product"><a href="https://www.amazon.com/dp/B08KFTVGQY?tag=eloabder-20&linkCode=osi&th=1&psc=1"><img src="https://m.media-amazon.com/images/I/51BjUEmGaiL._SL500_.jpg" alt="Product Image"></a><p>SONGMICS Cube Storage Organizer, Set of 16 Plastic Cubes, Closet Organizers and Storage, Room Organization, Bedroom Living Room, 12.2 x 48.4 x 48.4 Inches, Rustic Brown ULPC442A01</p><p> -15% 0FF </p><p>$46.99</p><a href="https://www.amazon.com/dp/B08KFTVGQY?tag=eloabder-20&linkCode=osi&th=1&psc=1">View Product</a></div><div class="product"><a href="https://www.amazon.com/dp/B0DG359YX5?tag=eloabder-20&linkCode=osi&th=1&psc=1"><img src="https://m.media-amazon.com/images/I/41OBXL4HJdL._SL500_.jpg" alt="Product Image"></a><p>VIVO Clamp-on 13 inch Above or Below Desk 2-Tier Shelving Unit for Table Accessories, Gaming Devices, and More, Storage Tray, Desktop Organizer, Rustic Vintage Brown, STAND-SHELF2C-N</p><p> -20% 0FF </p><p>$39.99</p><a href="https://www.amazon.com/dp/B0DG359YX5?tag=eloabder-20&linkCode=osi&th=1&psc=1">View Product</a></div><div class="product"><a href="https://www.amazon.com/dp/B0D7S5GGP6?tag=eloabder-20&linkCode=osi&th=1&psc=1"><img src="https://m.media-amazon.com/images/I/51EriWG2BLL._SL500_.jpg" alt="Product Image"></a><p>C&AHOME Wire Cube Storage, 9 - Cube Organizer Metal C Grids, Modular Shelves Units, Closet Organizer, Ideal for Home, Office, Living Room, 36.6”L x 12.4”W x 48.4”H, Silver Gray UWCS3009G</p><p> -33% 0FF </p><p>$28.87</p><a href="https://www.amazon.com/dp/B0D7S5GGP6?tag=eloabder-20&linkCode=osi&th=1&psc=1">View Product</a></div>
<div class="product"><a href="https://www.amazon.com/dp/B0B1M6ML2J?tag=eloabder-20&linkCode=osi&th=1&psc=1"><img src="https://m.media-amazon.com/images/I/51pX2Qo38JL._SL500_.jpg" alt="Product Image"></a><p>WOWBOX 25 PCS Clear Plastic Drawer Organizer Set, 4 Sizes Desk Drawer Divider Organizers and Storage Bins for Makeup, Jewelry, Gadgets for Kitchen, Bedroom, Bathroom, Office</p><p> -35% 0FF </p><p>$16.13 ($0.65 / Count)</p><a href="https://www.amazon.com/dp/B0B1M6ML2J?tag=eloabder-20&linkCode=osi&th=1&psc=1">View Product</a></div><div class="product"><a href="https://www.amazon.com/dp/B0DB8F7GDN?tag=eloabder-20&linkCode=osi&th=1&psc=1"><img src="https://m.media-amazon.com/images/I/51iOtKHzvCL._SL500_.jpg" alt="Product Image"></a><p>OPNICE Desk Organizer and Accessories, 2-Tier Computer Monitor Stand Riser with Drawer and 2 Pen Holders, Laptop Stand, Office Desk Accessories for Office Supplies, Black</p><p> -27% 0FF </p><p>$21.99</p><a href="https://www.amazon.com/dp/B0DB8F7GDN?tag=eloabder-20&linkCode=osi&th=1&psc=1">View Product</a></div><div class="product"><a href="https://www.amazon.com/dp/B0FQ86P4M3?tag=eloabder-20&linkCode=osi&th=1&psc=1"><img src="https://m.media-amazon.com/images/I/41ZDdyGnPxL._SL500_.jpg" alt="Product Image"></a><p>Mind Reader 2-Tier Desk Organizer with Clamp, Accessory Shelf for Office or Gaming, Office, Metal, White</p><p> -5% 0FF </p><p>$37.99</p><a href="https://www.amazon.com/dp/B0FQ86P4M3?tag=eloabder-20&linkCode=osi&th=1&psc=1">View Product</a></div><div class="product"><a href="https://www.amazon.com/dp/B0BYDGF8DT?tag=eloabder-20&linkCode=osi&th=1&psc=1"><img src="https://m.media-amazon.com/images/I/51sE2GzgVNL._SL500_.jpg" alt="Product Image"></a><p>OPNICE Desk Organizer and Accessories, 4-Tier Desktop File Organizer with Drawer and 2 Pen Holders, Office Desk Accessories, Workspace Organizers for Office Supplies(Black)</p><p> -33% 0FF </p><p>$19.99</p><a href="https://www.amazon.com/dp/B0BYDGF8DT?tag=eloabder-20&linkCode=osi&th=1&psc=1">View Product</a></div><div class="product"><a href="https://www.amazon.com/dp/B0DJKSMV2T?tag=eloabder-20&linkCode=osi&th=1&psc=1"><img src="https://m.media-amazon.com/images/I/41gO3CCIg1L._SL500_.jpg" alt="Product Image"></a><p>gianotter Dual Monitor Stand Riser, Desk Organizer With Drawer and 2 Pen Holders, Computer Monitor Stand, Shelf for Top of Desk, Black</p><p> -28% 0FF </p><p>$25.99</p><a href="https://www.amazon.com/dp/B0DJKSMV2T?tag=eloabder-20&linkCode=osi&th=1&psc=1">View Product</a></div><div class="product"><a href="https://www.amazon.com/dp/B0BWTT3WK1?tag=eloabder-20&linkCode=osi&th=1&psc=1"><img src="https://m.media-amazon.com/images/I/51JTe2SjicL._SL500_.jpg" alt="Product Image"></a><p>gianotter Desk Organizers and Accessories with File Holder, 4-Tier Desk Accessories & Workspace Organizers with Drawer and 2 Pen Holder, Paper Organizer for Office Supplies (Rose Gold)</p><p> -27% 0FF </p><p>$23.99</p><a href="https://www.amazon.com/dp/B0BWTT3WK1?tag=eloabder-20&linkCode=osi&th=1&psc=1">View Product</a></div><div class="product"><a href="https://www.amazon.com/dp/B09QKDY1YY?tag=eloabder-20&linkCode=osi&th=1&psc=1"><img src="https://m.media-amazon.com/images/I/519UVM73B6L._SL500_.jpg" alt="Product Image"></a><p>Supeasy 5 Trays Paper Organizer Letter Tray with Handle-Mesh Desk File Organizer, Paper Sorter Desk Organizer for Office, Home or School</p><p> -17% 0FF </p><p>$19.99</p><a href="https://www.amazon.com/dp/B09QKDY1YY?tag=eloabder-20&linkCode=osi&th=1&psc=1">View Product</a></div><div class="product"><a href="https://www.amazon.com/dp/B08PBFKGJG?tag=eloabder-20&linkCode=osi&th=1&psc=1"><img src="https://m.media-amazon.com/images/I/61WfW0WLsqL._SL500_.jpg" alt="Product Image"></a><p>Marbrasse 6 Tier Paper Organizer Letter Tray - Mesh Desk File Organizer with Handle, Paper Sorter Organizer for Letter/A4 Office File Folder Holder - Black</p><p> -23% 0FF </p><p>$19.98</p><a href="https://www.amazon.com/dp/B08PBFKGJG?tag=eloabder-20&linkCode=osi&th=1&psc=1">View Product</a></div><div class="product"><a href="https://www.amazon.com/dp/B09K5927B5?tag=eloabder-20&linkCode=osi&th=1&psc=1"><img src="https://m.media-amazon.com/images/I/51u5tZ4jR6L._SL500_.jpg" alt="Product Image"></a><p>Marbrasse Desk Organizer with File Holder, 5-Tier Paper Letter Tray Organizer with Drawer and 2 Pen Holder, Mesh Desktop Organizer and Storage with Magazine Holder for Office Supplies(Black)</p><p> -24% 0FF </p><p>$33.99</p><a href="https://www.amazon.com/dp/B09K5927B5?tag=eloabder-20&linkCode=osi&th=1&psc=1">View Product</a></div>
<div class="product"><a href="https://www.amazon.com/dp/B0CNXF7SVS?tag=eloabder-20&linkCode=osi&th=1&psc=1"><img src="https://m.media-amazon.com/images/I/51a6EswyTZL._SL500_.jpg" alt="Product Image"></a><p>Manalete Drawer Organizers Set of 15, 4 Sizes Clear Plastic Drawer Organizers and Storage Bins for Kitchen, Bathroom, Office, Dresser Desk Drawer Organizer Tray for Jewelry, Makeup, Junk, Gadgets</p><p> -29% 0FF </p><p>$9.99</p><a href="https://www.amazon.com/dp/B0CNXF7SVS?tag=eloabder-20&linkCode=osi&th=1&psc=1">View Product</a></div><div class="product"><a href="https://www.amazon.com/dp/B0CCY5X6SS?tag=eloabder-20&linkCode=osi&th=1&psc=1"><img src="https://m.media-amazon.com/images/I/41Iye-vPXJL._SL500_.jpg" alt="Product Image"></a><p>Bamboo Drawer Organizer Set, 5 PCS Multi-Use Individual Wood Storage Organizers, Junk Drawer Divider and Storage Trays Containers for Kitchen, Bathroom, Office Desk, Makeup, Jewelry, Utensils</p><p> -20% 0FF </p><p>$19.99 ($4.00 / Count)</p><a href="https://www.amazon.com/dp/B0CCY5X6SS?tag=eloabder-20&linkCode=osi&th=1&psc=1">View Product</a></div><div class="product"><a href="https://www.amazon.com/dp/B0CCDJQ7MM?tag=eloabder-20&linkCode=osi&th=1&psc=1"><img src="https://m.media-amazon.com/images/I/51kU0WJxdsL._SL500_.jpg" alt="Product Image"></a><p>Marbrasse Expandable Desk Drawer Organizer, Mesh Drawer Organizer Tray with 10 Adjustable Compartments, Desk Organizers and Accessories, 5 Dividers Drawer for Office Supplies, Makeup & Vanity (Black)</p><p> -15% 0FF </p><p>$17.84</p><a href="https://www.amazon.com/dp/B0CCDJQ7MM?tag=eloabder-20&linkCode=osi&th=1&psc=1">View Product</a></div><div class="product"><a href="https://www.amazon.com/dp/B0DM27MBZN?tag=eloabder-20&linkCode=osi&th=1&psc=1"><img src="https://m.media-amazon.com/images/I/41hAfSMnrZL._SL500_.jpg" alt="Product Image"></a><p>ElegantArray 12 PCS Drawer Organizer Set, 4 Sizes Storage Drawer Units, Clear Plastic Makeup Vanity Organizer and Storage Bins for Makeup, Stationeries, Multiple Gadgets for Bathroom, Office, Bedroom</p><p> -31% 0FF </p><p>$8.99</p><a href="https://www.amazon.com/dp/B0DM27MBZN?tag=eloabder-20&linkCode=osi&th=1&psc=1">View Product</a></div>
<div class="product"><a href="https://www.amazon.com/dp/B0C4T42TPC?tag=eloabder-20&linkCode=osi&th=1&psc=1"><img src="https://m.media-amazon.com/images/I/318IsyAsPXL._SL500_.jpg" alt="Product Image"></a><p>Adjustable Mobile CPU Stand, Ventilated Computer Tower Stand with 4 Caster Wheels Fits Most PC Tower, Under Desk CPU Holder PC Floor Cart Computer Riser for Gamers and Students (Black)</p><p> -21% 0FF </p><p>$14.21</p><a href="https://www.amazon.com/dp/B0C4T42TPC?tag=eloabder-20&linkCode=osi&th=1&psc=1">View Product</a></div><div class="product"><a href="https://www.amazon.com/dp/B094QTGHNZ?tag=eloabder-20&linkCode=osi&th=1&psc=1"><img src="https://m.media-amazon.com/images/I/31VzBQ+jwWL._SL500_.jpg" alt="Product Image"></a><p>WALI Computer Monitor Stand for Desk, Adjustable Laptop Riser, Desk Monitor Stand Underneath Storage for Office, Home, School Supplies (STT003), 1 Pack, Black</p><p> -32% 0FF </p><p>$16.99</p><a href="https://www.amazon.com/dp/B094QTGHNZ?tag=eloabder-20&linkCode=osi&th=1&psc=1">View Product</a></div><div class="product"><a href="https://www.amazon.com/dp/B07H4DMLVH?tag=eloabder-20&linkCode=osi&th=1&psc=1"><img src="https://m.media-amazon.com/images/I/31eTfKhpSWL._SL500_.jpg" alt="Product Image"></a><p>HUANUO Monitor Stand, Monitor Stand Riser 3 Height Adjustable, Monitor Riser with Airflow Vents, Laptop Stand for Desk, Laptop Riser, Desk Organizer for Monitor, 15.6" Laptop, PC, Printer</p><p> -11% 0FF </p><p>$15.19</p><a href="https://www.amazon.com/dp/B07H4DMLVH?tag=eloabder-20&linkCode=osi&th=1&psc=1">View Product</a></div><div class="product"><a href="https://www.amazon.com/dp/B0D69W6H91?tag=eloabder-20&linkCode=osi&th=1&psc=1"><img src="https://m.media-amazon.com/images/I/51rQI+gi3lL._SL500_.jpg" alt="Product Image"></a><p>JANE EYRE Computer Tower Stand - Adjustable PC Tower Stand CPU Holder Cart with Charging Station for Office Home Classroom,23.03"-28.3" H, black</p><p> -10% 0FF </p><p>$53.99</p><a href="https://www.amazon.com/dp/B0D69W6H91?tag=eloabder-20&linkCode=osi&th=1&psc=1">View Product</a></div><div class="product"><a href="https://www.amazon.com/dp/B0C4T34L9Y?tag=eloabder-20&linkCode=osi&th=1&psc=1"><img src="https://m.media-amazon.com/images/I/51BNMGXNOEL._SL500_.jpg" alt="Product Image"></a><p>BONTEC Wooden Monitor Stand Riser, 2-Tier Desk Shelf with Storage Organizer, Ergonomic Computer Stand with Cable Management, Cellphone Holder, White, 16.5 Inch</p><p> -33% 0FF </p><p>$18.04</p><a href="https://www.amazon.com/dp/B0C4T34L9Y?tag=eloabder-20&linkCode=osi&th=1&psc=1">View Product</a></div><div class="product"><a href="https://www.amazon.com/dp/B08BRCT4JH?tag=eloabder-20&linkCode=osi&th=1&psc=1"><img src="https://m.media-amazon.com/images/I/41Ga6A+cXbL._SL500_.jpg" alt="Product Image"></a><p>BESIGN LS03 Aluminum Laptop Stand, Ergonomic Detachable Computer Stand, Notebook Riser Compatible with Air, Pro, Dell, HP, Lenovo More 10-15.6" Laptops, Silver</p><p> -25% 0FF </p><p>$14.98</p><a href="https://www.amazon.com/dp/B08BRCT4JH?tag=eloabder-20&linkCode=osi&th=1&psc=1">View Product</a></div>
<div class="product"><a href="https://www.amazon.com/dp/B07Q79ZZJ6?tag=eloabder-20&linkCode=osi&th=1&psc=1"><img src="https://m.media-amazon.com/images/I/31-LBzENQIL._SL500_.jpg" alt="Product Image"></a><p>Single LCD Computer Monitor Free-Standing Desk Stand Mount Riser for 13 inch to 32 inch screen with Swivel, Height Adjustable, Rotation, Vesa Base Stand Holds One (1) Screen up to 77Lbs(HT05B-001))</p><p> -34% 0FF </p><p>$21.99</p><a href="https://www.amazon.com/dp/B07Q79ZZJ6?tag=eloabder-20&linkCode=osi&th=1&psc=1">View Product</a></div><div class="product"><a href="https://www.amazon.com/dp/B082845XM8?tag=eloabder-20&linkCode=osi&th=1&psc=1"><img src="https://m.media-amazon.com/images/I/41uRH1B7HgL._SL500_.jpg" alt="Product Image"></a><p>Dual Monitor Stand - Vertical Stack Screen Free-Standing Monitor Riser Fits Two 13 to 34 Inch Screen with Swivel, Tilt, Height Adjustable, Holds One (1) Screen Up to 44Lbs</p><p> -5% 0FF </p><p>$31.56</p><a href="https://www.amazon.com/dp/B082845XM8?tag=eloabder-20&linkCode=osi&th=1&psc=1">View Product</a></div><div class="product"><a href="https://www.amazon.com/dp/B00X4SCCFG?tag=eloabder-20&linkCode=osi&th=1&psc=1"><img src="https://m.media-amazon.com/images/I/21X2klzUZGL._SL500_.jpg" alt="Product Image"></a><p>Amazon Basics Height Adjustable Rectangular Computer Monitor Riser Desk Stand with Storage for Reduced Neck Strain - Fits Monitors, Laptops Up to 22lbs, Black</p><p> -35% 0FF </p><p>$14.06</p><a href="https://www.amazon.com/dp/B00X4SCCFG?tag=eloabder-20&linkCode=osi&th=1&psc=1">View Product</a></div>
<div class="product"><a href="https://www.amazon.com/dp/B07HFDJCSL?tag=eloabder-20&linkCode=osi&th=1&psc=1"><img src="https://m.media-amazon.com/images/I/41DR7qY1naL._SL500_.jpg" alt="Product Image"></a><p>VIVO Large Keyboard Tray Under Desk Pull Out with Extra Sturdy C Clamp Mount System, 27 (33 Including Clamps) x 11 Inch Slide-Out Platform Computer Drawer for Typing, Black, MOUNT-KB05E</p><p> -17% 0FF </p><p>$49.99</p><a href="https://www.amazon.com/dp/B07HFDJCSL?tag=eloabder-20&linkCode=osi&th=1&psc=1">View Product</a></div><div class="product"><a href="https://www.amazon.com/dp/B082NKBM62?tag=eloabder-20&linkCode=osi&th=1&psc=1"><img src="https://m.media-amazon.com/images/I/41qQ3p9-mrL._SL500_.jpg" alt="Product Image"></a><p>HUANUO Keyboard Tray Under Desk, 360 Adjustable Ergonomic Sliding Keyboard & Mouse Tray, Under Desk Keyboard Tray Slide Out, Keyboard Holder Under Desk for Typing in Home, Office Work, 25"W x 9.84"D</p><p> -33% 0FF </p><p>$59.98</p><a href="https://www.amazon.com/dp/B082NKBM62?tag=eloabder-20&linkCode=osi&th=1&psc=1">View Product</a></div><div class="product"><a href="https://www.amazon.com/dp/B0F23GTKHL?tag=eloabder-20&linkCode=osi&th=1&psc=1"><img src="https://m.media-amazon.com/images/I/41dmHoeznDL._SL500_.jpg" alt="Product Image"></a><p>Zontera Ergonomic Mouse & Keyboard Tray Under Desk, Pull Out with Adjustable C-clamp, 20 (25.9 Including Clamps) x 11.8 Inch Slide Out Computer Keyboard Drawer Mouse Tray for Typing, Black</p><p> -7% 0FF </p><p>$25.99</p><a href="https://www.amazon.com/dp/B0F23GTKHL?tag=eloabder-20&linkCode=osi&th=1&psc=1">View Product</a></div><div class="product"><a href="https://www.amazon.com/dp/B01IIGMBVI?tag=eloabder-20&linkCode=osi&th=1&psc=1"><img src="https://m.media-amazon.com/images/I/21Vw8003F0L._SL500_.jpg" alt="Product Image"></a><p>Alera ALE Valencia Series Underdesk Keyboard/Mouse Shelf, 28w x 12d, Black</p><p> -50% 0FF </p><p>$29.22</p><a href="https://www.amazon.com/dp/B01IIGMBVI?tag=eloabder-20&linkCode=osi&th=1&psc=1">View Product</a></div>
<div class="product"><a href="https://www.amazon.com/dp/B07C3XZMC6?tag=eloabder-20&linkCode=osi&th=1&psc=1"><img src="https://m.media-amazon.com/images/I/31Eojf7glwL._SL500_.jpg" alt="Product Image"></a><p>JIKIOU 3 Pack Mouse Pad with Stitched Edge, Comfortable Mouse Pads with Non-Slip Rubber Base, Washable Mousepads Bulk with Comfortable Cloth, Mouse Pads for Computers Laptop Mouse 10.2x8.3inch Black</p><p> -29% 0FF </p><p>$7.99</p><a href="https://www.amazon.com/dp/B07C3XZMC6?tag=eloabder-20&linkCode=osi&th=1&psc=1">View Product</a></div><div class="product"><a href="https://www.amazon.com/dp/B085XRMSTT?tag=eloabder-20&linkCode=osi&th=1&psc=1"><img src="https://m.media-amazon.com/images/I/31aDSI0sFoL._SL500_.jpg" alt="Product Image"></a><p>EooCoo Ergonomic Mouse Pad with Wrist Support, Mousepad with Memory Foam Wrist Rest and Non-Slip Base for Computer, Cafe, Home & Office, 9.64 x 8.26 in Office Desk Accessories</p><p> -36% 0FF </p><p>$6.99</p><a href="https://www.amazon.com/dp/B085XRMSTT?tag=eloabder-20&linkCode=osi&th=1&psc=1">View Product</a></div>
<div class="product"><a href="https://www.amazon.com/dp/B0BRCJL4MM?tag=eloabder-20&linkCode=osi&th=1&psc=1"><img src="https://m.media-amazon.com/images/I/41sggzaNbPL._SL500_.jpg" alt="Product Image"></a><p>Led Desk Lamp for Office Home - Eye Caring Architect lamp with Clamp,Dual Screen Computer Monitor Gooseneck Smart Light: 24W 5 Color Flexible Adjustable Lighting Table Lamp for Study Drafting</p><p> -13% 0FF </p><p>$69.99</p><a href="https://www.amazon.com/dp/B0BRCJL4MM?tag=eloabder-20&linkCode=osi&th=1&psc=1">View Product</a></div><div class="product"><a href="https://www.amazon.com/dp/B0BNHNG5CY?tag=eloabder-20&linkCode=osi&th=1&psc=1"><img src="https://m.media-amazon.com/images/I/51ccmdZe2YL._SL500_.jpg" alt="Product Image"></a><p>Micomlan Led Desk Lamp with Clamp, Architect Desk Lamp for Home Office with Atmosphere Lighting, 24W Ultra Bright Auto Dimming Computer Light Stepless Dimming and Tempering LED Table Light</p><p> -27% 0FF </p><p>$49.99</p><a href="https://www.amazon.com/dp/B0BNHNG5CY?tag=eloabder-20&linkCode=osi&th=1&psc=1">View Product</a></div><div class="product"><a href="https://www.amazon.com/dp/B078W61H9P?tag=eloabder-20&linkCode=osi&th=1&psc=1"><img src="https://m.media-amazon.com/images/I/31aebwb3nqL._SL500_.jpg" alt="Product Image"></a><p>LEPOWER Metal Desk Lamp, Eye-Caring Table Lamp, Study Lamps with Flexible Goose Neck for Bedroom, Home Office (Matte Black)</p><p> -24% 0FF </p><p>$24.99</p><a href="https://www.amazon.com/dp/B078W61H9P?tag=eloabder-20&linkCode=osi&th=1&psc=1">View Product</a></div><div class="product"><a href="https://www.amazon.com/dp/B0D1DLY4H4?tag=eloabder-20&linkCode=osi&th=1&psc=1"><img src="https://m.media-amazon.com/images/I/41sKiuSIwRL._SL500_.jpg" alt="Product Image"></a><p>SKYLEO Led Desk Lamp - Desk Light for 31.5" Tall - 5 Color Modes X 11 Brightness Levels - Adjustable Swing Arm - Timmer & Memory Function - 12W Lamp for Desk - Black</p><p> -23% 0FF </p><p>$19.99</p><a href="https://www.amazon.com/dp/B0D1DLY4H4?tag=eloabder-20&linkCode=osi&th=1&psc=1">View Product</a></div><div class="product"><a href="https://www.amazon.com/dp/B0D2LGK82V?tag=eloabder-20&linkCode=osi&th=1&psc=1"><img src="https://m.media-amazon.com/images/I/41UpQ-qygDL._SL500_.jpg" alt="Product Image"></a><p>Addtam LED Desk Lamp, Power Strip with 3 Outlets 4 USB Charging Ports(2 USBC), 4 Modes 5 Level Brightness Touch Lamp, Small Desk Lamp for Home Office College Dorm Room Essentials</p><p> -23% 0FF </p><p>$16.99</p><a href="https://www.amazon.com/dp/B0D2LGK82V?tag=eloabder-20&linkCode=osi&th=1&psc=1">View Product</a></div><div class="product"><a href="https://www.amazon.com/dp/B08LMTQ7ZF?tag=eloabder-20&linkCode=osi&th=1&psc=1"><img src="https://m.media-amazon.com/images/I/21vKPX2KHML._SL500_.jpg" alt="Product Image"></a><p>Lepro LED Desk Lamp for Home Office, 9.5W 750LM Metal Touch Control Desk Light, 5 Color Modes 5 Brightness Level, Eye Caring Task Lamp For Reading, Sewing, Crafts, School Supplies, Puzzle Light, Black</p><p> -13% 0FF </p><p>$24.99</p><a href="https://www.amazon.com/dp/B08LMTQ7ZF?tag=eloabder-20&linkCode=osi&th=1&psc=1">View Product</a></div>
<div class="product"><a href="https://www.amazon.com/dp/B0D7BXNDP4?tag=eloabder-20&linkCode=osi&th=1&psc=1"><img src="https://m.media-amazon.com/images/I/41DuEunZ1+L._SL500_.jpg" alt="Product Image"></a><p>Monitor Fan with Clamp & Light Bar Desk Lamp with fan for Office mini Desk fan small quiet with lamp for PC Laptops Tablet for Home Office Portable Working Reading Stand Lamp</p><p> -5% 0FF </p><p>$15.19</p><a href="https://www.amazon.com/dp/B0D7BXNDP4?tag=eloabder-20&linkCode=osi&th=1&psc=1">View Product</a></div><div class="product"><a href="https://www.amazon.com/dp/B07K1D41DC?tag=eloabder-20&linkCode=osi&th=1&psc=1"><img src="https://m.media-amazon.com/images/I/310MAouNV-L._SL500_.jpg" alt="Product Image"></a><p>OttLite Cool Breeze LED Lamp with Bladeless Fan - 3 Speed Options & 5 Brightness Settings with Energy Efficient Natural Daylight LEDs - Desktop, Table or Nightstand Lamp for Studying or Reading</p><p> -14% 0FF </p><p>$89.98</p><a href="https://www.amazon.com/dp/B07K1D41DC?tag=eloabder-20&linkCode=osi&th=1&psc=1">View Product</a></div>
<div class="product"><a href="https://www.amazon.com/dp/B0CXSXL1F2?tag=eloabder-20&linkCode=osi&th=1&psc=1"><img src="https://m.media-amazon.com/images/I/41H6cndt7iL._SL500_.jpg" alt="Product Image"></a><p>9 Pack Lined Sticky Notes 4x6 in Post Sticky Notes with Lines, 9 Bright Colors Self Sticky Notes Pad Its, Large Ruled Sticky Note for Office, Home, 35 Sheets/Pad</p><p> -33% 0FF </p><p>$7.99</p><a href="https://www.amazon.com/dp/B0CXSXL1F2?tag=eloabder-20&linkCode=osi&th=1&psc=1">View Product</a></div><div class="product"><a href="https://www.amazon.com/dp/B019QROV9S?tag=eloabder-20&linkCode=osi&th=1&psc=1"><img src="https://m.media-amazon.com/images/I/51OsStyntzL._SL500_.jpg" alt="Product Image"></a><p>Sharpie Clear View Highlighter Sticks, Chisel Tip, Assorted Fluorescent, 8 Count - School, Home, and Office Use, Teacher Supplies</p><p> -23% 0FF </p><p>$13.86</p><a href="https://www.amazon.com/dp/B019QROV9S?tag=eloabder-20&linkCode=osi&th=1&psc=1">View Product</a></div>
<div class="product"><a href="https://www.amazon.com/dp/B082PN4X5J?tag=eloabder-20&linkCode=osi&th=1&psc=1"><img src="https://m.media-amazon.com/images/I/51o+eA8g6nL._SL500_.jpg" alt="Product Image"></a><p>Sharpie S-Gel Gel Pens, Black Barrel, Medium Point (0.7mm), Black Gel Ink Pens, 12 Count - Home, Office, School, Journaling, Writing, Note-Taking, Teacher Supplies</p><p> -14% 0FF </p><p>$11.97</p><a href="https://www.amazon.com/dp/B082PN4X5J?tag=eloabder-20&linkCode=osi&th=1&psc=1">View Product</a></div><div class="product"><a href="https://www.amazon.com/dp/B0C9W8DD9S?tag=eloabder-20&linkCode=osi&th=1&psc=1"><img src="https://m.media-amazon.com/images/I/41mdSvEwNZL._SL500_.jpg" alt="Product Image"></a><p>Ddaowanx Gel Pens, 6 Pcs 0.5mm Quick Dry Black Ink Pens Fine Point Smooth Writing Pens, Cute Office School Supplies Gifts for Women</p><p> -10% 0FF </p><p>$8.99</p><a href="https://www.amazon.com/dp/B0C9W8DD9S?tag=eloabder-20&linkCode=osi&th=1&psc=1">View Product</a></div><div class="product"><a href="https://www.amazon.com/dp/B019QBOG3U?tag=eloabder-20&linkCode=osi&th=1&psc=1"><img src="https://m.media-amazon.com/images/I/416PjSebDoL._SL500_.jpg" alt="Product Image"></a><p>Paper Mate Colorful Gel Pens - InkJoy Gel Pens Assorted Medium Point (0.7). Perfect for Vibrant Colored Writing and Sketching with Paper Mate InkJoy 14 Count</p><p> -18% 0FF </p><p>$10.31</p><a href="https://www.amazon.com/dp/B019QBOG3U?tag=eloabder-20&linkCode=osi&th=1&psc=1">View Product</a></div><div class="product"><a href="https://www.amazon.com/dp/B0C73JDN4S?tag=eloabder-20&linkCode=osi&th=1&psc=1"><img src="https://m.media-amazon.com/images/I/51DJUUxL7HL._SL500_.jpg" alt="Product Image"></a><p>Linbsunne Ballpoint Pens Black Medium Point 1mm Pen with Super Soft Grip Ball Point Pen for Men Women Retractable Pens (gold-12 pcs)</p><p> -10% 0FF </p><p>$8.99</p><a href="https://www.amazon.com/dp/B0C73JDN4S?tag=eloabder-20&linkCode=osi&th=1&psc=1">View Product</a></div><div class="product"><a href="https://www.amazon.com/dp/B001OTA66O?tag=eloabder-20&linkCode=osi&th=1&psc=1"><img src="https://m.media-amazon.com/images/I/41yS5tBZQLL._SL500_.jpg" alt="Product Image"></a><p>BIC Glide Black Retractable Ballpoint Pens, Medium Point (1.0mm), 4-Count Pack, Ultra Smooth Writing Black Pens</p><p> -40% 0FF </p><p>$2.99</p><a href="https://www.amazon.com/dp/B001OTA66O?tag=eloabder-20&linkCode=osi&th=1&psc=1">View Product</a></div>
<div class="product"><a href="https://www.amazon.com/dp/B002HVXXCW?tag=eloabder-20&linkCode=osi&th=1&psc=1"><img src="https://m.media-amazon.com/images/I/41JeEedXCeL._SL500_.jpg" alt="Product Image"></a><p>Ticonderoga Wood-Cased Pencils, Pre-Sharpened, 2 HB Soft, Yellow, 10 Count</p><p> -58% 0FF </p><p>$2.49</p><a href="https://www.amazon.com/dp/B002HVXXCW?tag=eloabder-20&linkCode=osi&th=1&psc=1">View Product</a></div><div class="product"><a href="https://www.amazon.com/dp/B077Q4B6YN?tag=eloabder-20&linkCode=osi&th=1&psc=1"><img src="https://m.media-amazon.com/images/I/4160YcHGDNL._SL500_.jpg" alt="Product Image"></a><p>Paper Mate 2017483 Mechanical Pencils for Handwriting, Triangular, 5/PK, AST</p><p> -45% 0FF </p><p>$3.47</p><a href="https://www.amazon.com/dp/B077Q4B6YN?tag=eloabder-20&linkCode=osi&th=1&psc=1">View Product</a></div>
<div class="product"><a href="https://www.amazon.com/dp/B0D7YTZNRF?tag=eloabder-20&linkCode=osi&th=1&psc=1"><img src="https://m.media-amazon.com/images/I/41hSbSlNAmL._SL500_.jpg" alt="Product Image"></a><p>YASNAY Alcohol Markers, 48 Colors Dual Tip Art Marker, Drawing Markers, Coloring Marker for Kids Sketching Adult Coloring</p><p> -27% 0FF </p><p>$10.99</p><a href="https://www.amazon.com/dp/B0D7YTZNRF?tag=eloabder-20&linkCode=osi&th=1&psc=1">View Product</a></div><div class="product"><a href="https://www.amazon.com/dp/B07CJ8QXF8?tag=eloabder-20&linkCode=osi&th=1&psc=1"><img src="https://m.media-amazon.com/images/I/51bChi4-H4L._SL500_.jpg" alt="Product Image"></a><p>Dual Markers Brush Pens, 36 Fine Point Art Marker, Double Tip Colored Pen for Adult Coloring Hand Lettering, School Classroom Art Suppliers</p><p> -20% 0FF </p><p>$7.98</p><a href="https://www.amazon.com/dp/B07CJ8QXF8?tag=eloabder-20&linkCode=osi&th=1&psc=1">View Product</a></div><div class="product"><a href="https://www.amazon.com/dp/B071CP6X88?tag=eloabder-20&linkCode=osi&th=1&psc=1"><img src="https://m.media-amazon.com/images/I/41sNeEYkTNL._SL500_.jpg" alt="Product Image"></a><p>Crayola Super Tips Marker Set for Kids (100ct), Broad Tip & Fine Point Washable Art Markers for Kids, Bulk School Supplies, Teacher Classroom Must Haves, Drawing Supplies</p><p> -19% 0FF </p><p>$16.29</p><a href="https://www.amazon.com/dp/B071CP6X88?tag=eloabder-20&linkCode=osi&th=1&psc=1">View Product</a></div><div class="product"><a href="https://www.amazon.com/dp/B08MBFPFCQ?tag=eloabder-20&linkCode=osi&th=1&psc=1"><img src="https://m.media-amazon.com/images/I/51DaGL7Z4oL._SL500_.jpg" alt="Product Image"></a><p>Sharpie Permanent Markers Variety Pack, Includes Chisel, Fine, and Ultra-Fine Tips, Marker Set, Writing, Coloring, Poster, Office, School Supplies, Black, 6 Count</p><p> -19% 0FF </p><p>$4.63 ($0.77 / Count)</p><a href="https://www.amazon.com/dp/B08MBFPFCQ?tag=eloabder-20&linkCode=osi&th=1&psc=1">View Product</a></div>
<div class="product"><a href="https://www.amazon.com/dp/B09Y2KJ2KX?tag=eloabder-20&linkCode=osi&th=1&psc=1"><img src="https://m.media-amazon.com/images/I/41EhQr7suML._SL500_.jpg" alt="Product Image"></a><p>Sharpie Pocket Highlighters, Mild Pastel Colors, Assorted, Chisel Tip, 12 Count - School, Home, and Office Use, Teacher Supplies</p><p> -22% 0FF </p><p>$7.76 ($0.65 / Count)</p><a href="https://www.amazon.com/dp/B09Y2KJ2KX?tag=eloabder-20&linkCode=osi&th=1&psc=1">View Product</a></div><div class="product"><a href="https://www.amazon.com/dp/B08698MJWT?tag=eloabder-20&linkCode=osi&th=1&psc=1"><img src="https://m.media-amazon.com/images/I/512N7aYt5oL._SL500_.jpg" alt="Product Image"></a><p>Sharpie S-Note Creative Markers, Pastel Highlighters, Art Marker Set, Assorted Colors, Chisel Tip, 24 Count - School, Home, and Office Use, Teacher Supplies</p><p> -60% 0FF </p><p>$8.83</p><a href="https://www.amazon.com/dp/B08698MJWT?tag=eloabder-20&linkCode=osi&th=1&psc=1">View Product</a></div>
<div class="product"><a href="https://www.amazon.com/dp/B097DPQPYN?tag=eloabder-20&linkCode=osi&th=1&psc=1"><img src="https://m.media-amazon.com/images/I/51nFyQPtfkL._SL500_.jpg" alt="Product Image"></a><p>Sonuimy Pencil Sharpeners, 4 Pcs Pencil Sharpeners Manual,Dual Holes Compact Colored Handheld Pencil Sharpener for Kids with Lid Adults Students School Class Home Office (Covered)</p><p> -13% 0FF </p><p>$4.49</p><a href="https://www.amazon.com/dp/B097DPQPYN?tag=eloabder-20&linkCode=osi&th=1&psc=1">View Product</a></div><div class="product"><a href="https://www.amazon.com/dp/B000MFN1G8?tag=eloabder-20&linkCode=osi&th=1&psc=1"><img src="https://m.media-amazon.com/images/I/41JPflroUEL._SL500_.jpg" alt="Product Image"></a><p>Compact Desktop Electric Pencil Sharpener, Black, Sold as 1 Each</p><p> -21% 0FF </p><p>$15.89</p><a href="https://www.amazon.com/dp/B000MFN1G8?tag=eloabder-20&linkCode=osi&th=1&psc=1">View Product</a></div><div class="product"><a href="https://www.amazon.com/dp/B00125KXGI?tag=eloabder-20&linkCode=osi&th=1&psc=1"><img src="https://m.media-amazon.com/images/I/51avY0bZv6L._SL500_.jpg" alt="Product Image"></a><p>Bostitch Office Personal Electric Pencil Sharpener, Powerful Stall-Free Motor, High Capacity Shavings Tray, Blue</p><p> -13% 0FF </p><p>$17.48</p><a href="https://www.amazon.com/dp/B00125KXGI?tag=eloabder-20&linkCode=osi&th=1&psc=1">View Product</a></div><div class="product"><a href="https://www.amazon.com/dp/B078DZY9Z5?tag=eloabder-20&linkCode=osi&th=1&psc=1"><img src="https://m.media-amazon.com/images/I/41KbUFGrXfL._SL500_.jpg" alt="Product Image"></a><p>JARLINK Electric Pencil Sharpener, Heavy-Duty Helical Blade to Fast Sharpen, Auto Stop for No.2/Colored Pencils(6-8mm), AC Adapter/Battery Operated in School Classroom/Office/Home (Black)</p><p> -21% 0FF </p><p>$16.98</p><a href="https://www.amazon.com/dp/B078DZY9Z5?tag=eloabder-20&linkCode=osi&th=1&psc=1">View Product</a></div><div class="product"><a href="https://www.amazon.com/dp/B08DLXH86D?tag=eloabder-20&linkCode=osi&th=1&psc=1"><img src="https://m.media-amazon.com/images/I/41UghsnBycL._SL500_.jpg" alt="Product Image"></a><p>Aogwat Pencil Sharpener Electric Pencil Sharpener for Kids, Blade to Fast Sharpen, Suitable for No.2/School/Classroom/Office/Home (Black)</p><p> -23% 0FF </p><p>$9.99</p><a href="https://www.amazon.com/dp/B08DLXH86D?tag=eloabder-20&linkCode=osi&th=1&psc=1">View Product</a></div><div class="product"><a href="https://www.amazon.com/dp/B000GP0VIU?tag=eloabder-20&linkCode=osi&th=1&psc=1"><img src="https://m.media-amazon.com/images/I/318OKKSwzbL._SL500_.jpg" alt="Product Image"></a><p>Bostitch Office Wall Mount Manual Pencil Sharpener, Tip Saver, 8 Hole Dial, 6X Longer Cutter Life, Vertical or Horizontal Mounting Black (MPS1-BLK)</p><p> -9% 0FF </p><p>$13.18</p><a href="https://www.amazon.com/dp/B000GP0VIU?tag=eloabder-20&linkCode=osi&th=1&psc=1">View Product</a></div>
<div class="product"><a href="https://www.amazon.com/dp/B00094H4LU?tag=eloabder-20&linkCode=osi&th=1&psc=1"><img src="https://m.media-amazon.com/images/I/41f-fbZYU1L._SL500_.jpg" alt="Product Image"></a><p>Paper Mate Erasers | Pink Pearl Large Erasers 12 Count</p><p> -55% 0FF </p><p>$6.03</p><a href="https://www.amazon.com/dp/B00094H4LU?tag=eloabder-20&linkCode=osi&th=1&psc=1">View Product</a></div><div class="product"><a href="https://www.amazon.com/dp/B07DPVVMWB?tag=eloabder-20&linkCode=osi&th=1&psc=1"><img src="https://m.media-amazon.com/images/I/51wLlsENgiL._SL500_.jpg" alt="Product Image"></a><p>Mr. Pen Erasers for Pencils, 120 Pack, Pencil Top Erasers, Eraser Caps, Cap Tops, Topper Erasers. Ereaser</p><p> -24% 0FF </p><p>$5.95</p><a href="https://www.amazon.com/dp/B07DPVVMWB?tag=eloabder-20&linkCode=osi&th=1&psc=1">View Product</a></div><div class="product"><a href="https://www.amazon.com/dp/B07144DC8V?tag=eloabder-20&linkCode=osi&th=1&psc=1"><img src="https://m.media-amazon.com/images/I/51Ed1+HW9cL._SL500_.jpg" alt="Product Image"></a><p>Pentel Hi-Polymer Block Eraser, White, 10/Box (ZEH10PC10)</p><p> -44% 0FF </p><p>$9.99</p><a href="https://www.amazon.com/dp/B07144DC8V?tag=eloabder-20&linkCode=osi&th=1&psc=1">View Product</a></div><div class="product"><a href="https://www.amazon.com/dp/B0047CT6SE?tag=eloabder-20&linkCode=osi&th=1&psc=1"><img src="https://m.media-amazon.com/images/I/41bhWXKeeiL._SL500_.jpg" alt="Product Image"></a><p>Pentel Clic Retractable Eraser with Grip, 3 Pack</p><p> -29% 0FF </p><p>$4.77</p><a href="https://www.amazon.com/dp/B0047CT6SE?tag=eloabder-20&linkCode=osi&th=1&psc=1">View Product</a></div>
<div class="product"><a href="https://www.amazon.com/dp/B09S9X3HV7?tag=eloabder-20&linkCode=osi&th=1&psc=1"><img src="https://m.media-amazon.com/images/I/51GgMyfl5VL._SL500_.jpg" alt="Product Image"></a><p>Color Transparent Ruler Plastic Rulers - Ruler 12 inch, Kids Ruler for School, Ruler with Centimeters, Millimeter and Inches, Assorted Colors, Clear Rulers, 7 Pack School Rulers</p><p> -16% 0FF </p><p>$5.99</p><a href="https://www.amazon.com/dp/B09S9X3HV7?tag=eloabder-20&linkCode=osi&th=1&psc=1">View Product</a></div><div class="product"><a href="https://www.amazon.com/dp/B06XK9VQM4?tag=eloabder-20&linkCode=osi&th=1&psc=1"><img src="https://m.media-amazon.com/images/I/51Glln3n-nL._SL500_.jpg" alt="Product Image"></a><p>Outus 12 Pack Wood Ruler Bulk for Students Wooden School Rulers Gifts Office Classroom Measuring, 2 Scale, 12 Inch and 30 cm</p><p> -6% 0FF </p><p>$7.99</p><a href="https://www.amazon.com/dp/B06XK9VQM4?tag=eloabder-20&linkCode=osi&th=1&psc=1">View Product</a></div><div class="product"><a href="https://www.amazon.com/dp/B0B5MLTG7J?tag=eloabder-20&linkCode=osi&th=1&psc=1"><img src="https://m.media-amazon.com/images/I/51z9LUxLKmL._SL500_.jpg" alt="Product Image"></a><p>DAGONGREN 30 Pack Clear Plastic Rulers 12 Inch,Transparent Assorted Color Metric Bulk Rulers with Inches and Centimeters,Kids Ruler for School,Home,Office</p><p> -9% 0FF </p><p>$9.99</p><a href="https://www.amazon.com/dp/B0B5MLTG7J?tag=eloabder-20&linkCode=osi&th=1&psc=1">View Product</a></div><div class="product"><a href="https://www.amazon.com/dp/B096MPPF53?tag=eloabder-20&linkCode=osi&th=1&psc=1"><img src="https://m.media-amazon.com/images/I/51qUpElDRcS._SL500_.jpg" alt="Product Image"></a><p>Tenare 1 Set Plastic Clear Math Set Includes Protractor Triangle Rulers 12 Inch 6 Inch Straight Geometry Math Transparent Ruler Measuring Tool for School Office Home Supplies(Clear)</p><p> -25% 0FF </p><p>$5.98</p><a href="https://www.amazon.com/dp/B096MPPF53?tag=eloabder-20&linkCode=osi&th=1&psc=1">View Product</a></div>
<div class="product"><a href="https://www.amazon.com/dp/B07YDDX4JL?tag=eloabder-20&linkCode=osi&th=1&psc=1"><img src="https://m.media-amazon.com/images/I/41oBPZwCRLL._SL500_.jpg" alt="Product Image"></a><p>3-Pack 8" Heavy Duty Scissors with Ultra Sharp Blades and Comfort Grip Handles - For Office, Home, School, Sewing, and Crafts</p><p> -15% 0FF </p><p>$8.49 ($2.83 / Count)</p><a href="https://www.amazon.com/dp/B07YDDX4JL?tag=eloabder-20&linkCode=osi&th=1&psc=1">View Product</a></div><div class="product"><a href="https://www.amazon.com/dp/B01BRGU8R0?tag=eloabder-20&linkCode=osi&th=1&psc=1"><img src="https://m.media-amazon.com/images/I/41ANVra+eNL._SL500_.jpg" alt="Product Image"></a><p>Amazon Basics Stainless Steel Scissors for Office, Crafts, Multipurpose, Sharp, Comfort Grip, PVD Coated, 3 Pack, Multicolor</p><p> -45% 0FF </p><p>$7.55</p><a href="https://www.amazon.com/dp/B01BRGU8R0?tag=eloabder-20&linkCode=osi&th=1&psc=1">View Product</a></div><div class="product"><a href="https://www.amazon.com/dp/B000P0LNRE?tag=eloabder-20&linkCode=osi&th=1&psc=1"><img src="https://m.media-amazon.com/images/I/41fWgMTO0JL._SL500_.jpg" alt="Product Image"></a><p>Westcott 8-Inch Titanium-Bonded Scissors with Adjustable Glide Feature for Office and Home - Gray/Yellow, 2-Pack</p><p> -33% 0FF </p><p>$9.97</p><a href="https://www.amazon.com/dp/B000P0LNRE?tag=eloabder-20&linkCode=osi&th=1&psc=1">View Product</a></div>
<div class="product"><a href="https://www.amazon.com/dp/B074ZRZ4CZ?tag=eloabder-20&linkCode=osi&th=1&psc=1"><img src="https://m.media-amazon.com/images/I/41bu+HKxC2L._SL500_.jpg" alt="Product Image"></a><p>Swingline Commercial Stapler, 20 Sheet Capacity, Jam Free, Metal, 2 Pack, Black (44401AZ)</p><p> -5% 0FF </p><p>$18.98</p><a href="https://www.amazon.com/dp/B074ZRZ4CZ?tag=eloabder-20&linkCode=osi&th=1&psc=1">View Product</a></div><div class="product"><a href="https://www.amazon.com/dp/B001PME62K?tag=eloabder-20&linkCode=osi&th=1&psc=1"><img src="https://m.media-amazon.com/images/I/41gbaJu-3iL._SL500_.jpg" alt="Product Image"></a><p>Swingline Stapler, 40 Sheet Capacity, Optima 40, Jam Free, Reduced Effort, Soft Grip, Metal, Orange and Gray (87845)</p><p> -14% 0FF </p><p>$24.19</p><a href="https://www.amazon.com/dp/B001PME62K?tag=eloabder-20&linkCode=osi&th=1&psc=1">View Product</a></div><div class="product"><a href="https://www.amazon.com/dp/B0D2JBKYM1?tag=eloabder-20&linkCode=osi&th=1&psc=1"><img src="https://m.media-amazon.com/images/I/41zFTU9QpfL._SL500_.jpg" alt="Product Image"></a><p>Bostitch Office Stapler, No-Jam Premium for Desktop, Includes 1,250 Staples, Full-Strip, 25 Sheet Capacity, Black</p><p> -26% 0FF </p><p>$6.99</p><a href="https://www.amazon.com/dp/B0D2JBKYM1?tag=eloabder-20&linkCode=osi&th=1&psc=1">View Product</a></div><div class="product"><a href="https://www.amazon.com/dp/B0CC5GJKM1?tag=eloabder-20&linkCode=osi&th=1&psc=1"><img src="https://m.media-amazon.com/images/I/41JDDoSZQiL._SL500_.jpg" alt="Product Image"></a><p>Metal Stapler Heavy Duty 50 Sheet Capacity with 1750 Staples and Staple Remover, Full Strip Staplers for Desk, No Jam, Non-Slip for Office & Classroom, Black</p><p> -33% 0FF </p><p>$13.29</p><a href="https://www.amazon.com/dp/B0CC5GJKM1?tag=eloabder-20&linkCode=osi&th=1&psc=1">View Product</a></div><div class="product"><a href="https://www.amazon.com/dp/B0006HUQZ6?tag=eloabder-20&linkCode=osi&th=1&psc=1"><img src="https://m.media-amazon.com/images/I/31e-T-f1TGL._SL500_.jpg" alt="Product Image"></a><p>Swingline Stapler, 30 Sheet Capacity, 747 Business Stapler, Jam Free, Metal, Rio Red (74736)</p><p> -23% 0FF </p><p>$15.30</p><a href="https://www.amazon.com/dp/B0006HUQZ6?tag=eloabder-20&linkCode=osi&th=1&psc=1">View Product</a></div>
<div class="product"><a href="https://www.amazon.com/dp/B00J8PJJF0?tag=eloabder-20&linkCode=osi&th=1&psc=1"><img src="https://m.media-amazon.com/images/I/418dc+5ZGkL._SL500_.jpg" alt="Product Image"></a><p>Bostitch Office Premium Standard Staples, 1/4" Full Strip, Box of 5,000 Staples</p><p> -27% 0FF </p><p>$4.39</p><a href="https://www.amazon.com/dp/B00J8PJJF0?tag=eloabder-20&linkCode=osi&th=1&psc=1">View Product</a></div><div class="product"><a href="https://www.amazon.com/dp/B079VYR12V?tag=eloabder-20&linkCode=osi&th=1&psc=1"><img src="https://m.media-amazon.com/images/I/51xAt88vqrL._SL500_.jpg" alt="Product Image"></a><p>Officemate Standard Staples, 10 Boxes General Purpose Staple (91950)</p><p> -10% 0FF </p><p>$14.37</p><a href="https://www.amazon.com/dp/B079VYR12V?tag=eloabder-20&linkCode=osi&th=1&psc=1">View Product</a></div><div class="product"><a href="https://www.amazon.com/dp/B00006IFMQ?tag=eloabder-20&linkCode=osi&th=1&psc=1"><img src="https://m.media-amazon.com/images/I/51UsWZuFq8L._SL500_.jpg" alt="Product Image"></a><p>Bostitch Office B8 PowerCrown 0.25 Inch Staples, Pack of 5,000 Staples (STCRP21151/4), Silver</p><p> -30% 0FF </p><p>$2.33</p><a href="https://www.amazon.com/dp/B00006IFMQ?tag=eloabder-20&linkCode=osi&th=1&psc=1">View Product</a></div>
<div class="product"><a href="https://www.amazon.com/dp/B000J07BRQ?tag=eloabder-20&linkCode=osi&th=1&psc=1"><img src="https://m.media-amazon.com/images/I/51QpJKjajbL._SL500_.jpg" alt="Product Image"></a><p>Scotch Heavy Duty Shipping Packing Tape, Clear, Packing Tape for Moving Boxes and Packaging Supplies, 1.88 in. x 22.2 yd., 6 Roll Dispensers, Moving Supplies</p><p> -35% 0FF </p><p>$12.99</p><a href="https://www.amazon.com/dp/B000J07BRQ?tag=eloabder-20&linkCode=osi&th=1&psc=1">View Product</a></div><div class="product"><a href="https://www.amazon.com/dp/B0000DH8HQ?tag=eloabder-20&linkCode=osi&th=1&psc=1"><img src="https://m.media-amazon.com/images/I/414lAY+087L._SL500_.jpg" alt="Product Image"></a><p>Scotch Magic Tape, Invisible Transparent Tape, 6 Tape Rolls with Dispensers, 3/4 in x 650 in</p><p> -23% 0FF </p><p>$12.34</p><a href="https://www.amazon.com/dp/B0000DH8HQ?tag=eloabder-20&linkCode=osi&th=1&psc=1">View Product</a></div><div class="product"><a href="https://www.amazon.com/dp/B0DQHV6X92?tag=eloabder-20&linkCode=osi&th=1&psc=1"><img src="https://m.media-amazon.com/images/I/51ViCFlgldL._SL500_.jpg" alt="Product Image"></a><p>BeataTap Tape, Invisible Tape, 6 Rolls + 6 Refillable Dispensers, Matte Finish, Writable, 3/4″ x 650″, Transparent Tape, Clear Tape for Gift Wrapping Paper, School Supplies</p><p> -15% 0FF </p><p>$5.94 ($0.99 / Count)</p><a href="https://www.amazon.com/dp/B0DQHV6X92?tag=eloabder-20&linkCode=osi&th=1&psc=1">View Product</a></div><div class="product"><a href="https://www.amazon.com/dp/B07CB6LN5S?tag=eloabder-20&linkCode=osi&th=1&psc=1"><img src="https://m.media-amazon.com/images/I/41NNyeISnjL._SL500_.jpg" alt="Product Image"></a><p>Scotch Super-Hold Tape, 2 Rolls, Transparent Finish, 50% More Adhesive, Trusted Favorite, 3/4 x 600 Inches, Dispensered (198DM-2)</p><p> -30% 0FF </p><p>$5.97</p><a href="https://www.amazon.com/dp/B07CB6LN5S?tag=eloabder-20&linkCode=osi&th=1&psc=1">View Product</a></div><div class="product"><a href="https://www.amazon.com/dp/B00464740A?tag=eloabder-20&linkCode=osi&th=1&psc=1"><img src="https://m.media-amazon.com/images/I/51ZPFoiGfuL._SL500_.jpg" alt="Product Image"></a><p>Scotch Sure Start Shipping Packaging Tape, 1.88" x 22.2 yd, Designed for Packing, Shipping and Mailing, Quiet Unwind, No Splitting or Tearing, 1.5" Core, Clear, 6 Dispensered Rolls (145-6)</p><p> -28% 0FF </p><p>$13.48</p><a href="https://www.amazon.com/dp/B00464740A?tag=eloabder-20&linkCode=osi&th=1&psc=1">View Product</a></div><div class="product"><a href="https://www.amazon.com/dp/B09C6LLG9P?tag=eloabder-20&linkCode=osi&th=1&psc=1"><img src="https://m.media-amazon.com/images/I/41rbv66ZNBL._SL500_.jpg" alt="Product Image"></a><p>Scotch Box Lock Packaging Tape, 1 Roll with Dispenser, 1.88 in x 1000 in, Extreme Grip, Sticks Instantly to Any Box (195L)</p><p> -31% 0FF </p><p>$4.12</p><a href="https://www.amazon.com/dp/B09C6LLG9P?tag=eloabder-20&linkCode=osi&th=1&psc=1">View Product</a></div>
<div class="product"><a href="https://www.amazon.com/dp/B08QQZ71CV?tag=eloabder-20&linkCode=osi&th=1&psc=1"><img src="https://m.media-amazon.com/images/I/51Foz0aGYoS._SL500_.jpg" alt="Product Image"></a><p>Gorilla Super Glue, Clear Glue, Four 3 Gram Tubes (Pack of 1) - All Purpose and Fast Setting for Projects and Repairs</p><p> -25% 0FF </p><p>$9.49 ($22.60 / Ounce)</p><a href="https://www.amazon.com/dp/B08QQZ71CV?tag=eloabder-20&linkCode=osi&th=1&psc=1">View Product</a></div><div class="product"><a href="https://www.amazon.com/dp/B07J6R3GK7?tag=eloabder-20&linkCode=osi&th=1&psc=1"><img src="https://m.media-amazon.com/images/I/31kdOjGBkpL._SL500_.jpg" alt="Product Image"></a><p>Amazon Basics All Purpose Washable School Clear Liquid Glue - Great for Making Slime, 128 fl oz</p><p> -6% 0FF </p><p>$16.13</p><a href="https://www.amazon.com/dp/B07J6R3GK7?tag=eloabder-20&linkCode=osi&th=1&psc=1">View Product</a></div><div class="product"><a href="https://www.amazon.com/dp/B00178QQJ8?tag=eloabder-20&linkCode=osi&th=1&psc=1"><img src="https://m.media-amazon.com/images/I/41zs6k410RL._SL500_.jpg" alt="Product Image"></a><p>Mod Podge Gloss Sealer, Glue & Finish: All-in-One Craft Solution- Quick Dry, Easy Clean, for Wood, Paper, Fabric & More. Non-Toxic - Craft with Confidence, Made in USA, 16 oz., Pack of 1</p><p> -36% 0FF </p><p>$7.99 ($0.50 / Fl Oz)</p><a href="https://www.amazon.com/dp/B00178QQJ8?tag=eloabder-20&linkCode=osi&th=1&psc=1">View Product</a></div><div class="product"><a href="https://www.amazon.com/dp/B073V14DZJ?tag=eloabder-20&linkCode=osi&th=1&psc=1"><img src="https://m.media-amazon.com/images/I/31Iyy5+vk6L._SL500_.jpg" alt="Product Image"></a><p>Amazon Basics All Purpose Washable School Craft Liquid Glue for Making Slime, White, Single Pack, 1 Gallon</p><p> -7% 0FF </p><p>$15.54</p><a href="https://www.amazon.com/dp/B073V14DZJ?tag=eloabder-20&linkCode=osi&th=1&psc=1">View Product</a></div><div class="product"><a href="https://www.amazon.com/dp/B0006HUJCQ?tag=eloabder-20&linkCode=osi&th=1&psc=1"><img src="https://m.media-amazon.com/images/I/511pTqChTCL._SL500_.jpg" alt="Product Image"></a><p>Loctite Super Glue Gel Control, Clear, 0.14 fl oz Bottle, 1 Pack - Superglue for Plastic, Wood, Metal, Crafts & Repair, Cyanoacrylate Adhesive Instant Glue, Quick Dry</p><p> -13% 0FF </p><p>$3.64 ($26.00 / Fl Oz)</p><a href="https://www.amazon.com/dp/B0006HUJCQ?tag=eloabder-20&linkCode=osi&th=1&psc=1">View Product</a></div>
<div class="product"><a href="https://www.amazon.com/dp/B074XTRX7K?tag=eloabder-20&linkCode=osi&th=1&psc=1"><img src="https://m.media-amazon.com/images/I/31rOPIrMfDL._SL500_.jpg" alt="Product Image"></a><p>Amazon Basics Sturdy Binder Clips for Office Use, 96 Count (8 Pack of 12), Medium, 1.25 in, Black</p><p> -26% 0FF </p><p>$7.48</p><a href="https://www.amazon.com/dp/B074XTRX7K?tag=eloabder-20&linkCode=osi&th=1&psc=1">View Product</a></div><div class="product"><a href="https://www.amazon.com/dp/B00TQ8FDB8?tag=eloabder-20&linkCode=osi&th=1&psc=1"><img src="https://m.media-amazon.com/images/I/51y7lUrMLnL._SL500_.jpg" alt="Product Image"></a><p>ACCO Binder Clips, Medium, Black, 12 per Box, 2 Boxes (72062)</p><p> -25% 0FF </p><p>$5.96</p><a href="https://www.amazon.com/dp/B00TQ8FDB8?tag=eloabder-20&linkCode=osi&th=1&psc=1">View Product</a></div><div class="product"><a href="https://www.amazon.com/dp/B08KWCDP3C?tag=eloabder-20&linkCode=osi&th=1&psc=1"><img src="https://m.media-amazon.com/images/I/41qucDz6HuL._SL500_.jpg" alt="Product Image"></a><p>Ufmarine Medium Binder Clips 1.25 inch Length, (40 Pcs) Colorful Paper Clips Medium for Office</p><p> -12% 0FF </p><p>$5.99</p><a href="https://www.amazon.com/dp/B08KWCDP3C?tag=eloabder-20&linkCode=osi&th=1&psc=1">View Product</a></div>
<div class="product"><a href="https://www.amazon.com/dp/B09XQLJFDD?tag=eloabder-20&linkCode=osi&th=1&psc=1"><img src="https://m.media-amazon.com/images/I/41iiSFMy4uL._SL500_.jpg" alt="Product Image"></a><p>PAPERPAL Paperclips for Office School & Personal Use, #1 Nonskid Paper Clip (1-2/7"), 600 Medium Paper Clips (6 Boxes of 100 Each), Silver</p><p> -20% 0FF </p><p>$7.99</p><a href="https://www.amazon.com/dp/B09XQLJFDD?tag=eloabder-20&linkCode=osi&th=1&psc=1">View Product</a></div>

<div class="product"><a href="https://www.amazon.com/dp/B004I2G8NO?tag=eloabder-20&linkCode=osi&th=1&psc=1"><img src="https://m.media-amazon.com/images/I/51WEsLRINGL._SL500_.jpg" alt="Product Image"></a><p>Business Source Rubber Band, Natural (1914LB)</p><p> -26% 0FF </p><p>$4.00</p><a href="https://www.amazon.com/dp/B004I2G8NO?tag=eloabder-20&linkCode=osi&th=1&psc=1">View Product</a></div><div class="product"><a href="https://www.amazon.com/dp/B077GDY1LP?tag=eloabder-20&linkCode=osi&th=1&psc=1"><img src="https://m.media-amazon.com/images/I/41nn0nmNTiL._SL500_.jpg" alt="Product Image"></a><p>ANNIE 1000 RUBBER BANDS 1/2" #BLACK</p><p> -7% 0FF </p><p>$4.90 ($1.22 / Count)</p><a href="https://www.amazon.com/dp/B077GDY1LP?tag=eloabder-20&linkCode=osi&th=1&psc=1">View Product</a></div><div class="product"><a href="https://www.amazon.com/dp/B000783OPI?tag=eloabder-20&linkCode=osi&th=1&psc=1"><img src="https://m.media-amazon.com/images/I/510okXKzMqL._SL500_.jpg" alt="Product Image"></a><p>Universal 00419 19-Size Rubber Bands (335 Per Pack), Beige</p><p> -29% 0FF </p><p>$3.44</p><a href="https://www.amazon.com/dp/B000783OPI?tag=eloabder-20&linkCode=osi&th=1&psc=1">View Product</a></div><div class="product"><a href="https://www.amazon.com/dp/B00006IBRU?tag=eloabder-20&linkCode=osi&th=1&psc=1"><img src="https://m.media-amazon.com/images/I/51pU5khkX8L._SL500_.jpg" alt="Product Image"></a><p>ALL26335 - Alliance Rubber 26335 Advantage Rubber Bands - Size #33, Natural, 1 Pound 3 x 1/8 inches</p><p> -62% 0FF </p><p>$3.29</p><a href="https://www.amazon.com/dp/B00006IBRU?tag=eloabder-20&linkCode=osi&th=1&psc=1">View Product</a></div>
<div class="product"><a href="https://www.amazon.com/dp/B0DSKTZBB6?tag=eloabder-20&linkCode=osi&th=1&psc=1"><img src="https://m.media-amazon.com/images/I/415YD3kNFlL._SL500_.jpg" alt="Product Image"></a><p>300 Count Colored Index Cards 3 x 5 Inch Ruled Index Cards, Flash Cards College Ruled for School, College, Office and Home Organization, Durable Study To Do List Note Cards with Ruled Lines</p><p> -10% 0FF </p><p>$6.29</p><a href="https://www.amazon.com/dp/B0DSKTZBB6?tag=eloabder-20&linkCode=osi&th=1&psc=1">View Product</a></div><div class="product"><a href="https://www.amazon.com/dp/B09JYQZQ3V?tag=eloabder-20&linkCode=osi&th=1&psc=1"><img src="https://m.media-amazon.com/images/I/41y5vfnutuL._SL500_.jpg" alt="Product Image"></a><p>Oxford Index Cards, 3 x 5 Inches, White, Lined on Front, Blank on Back, Flashcards for School and Studying, Recipe Note Cards, 500 Count (5 Packs of 100) (40176)</p><p> -22% 0FF </p><p>$7.01</p><a href="https://www.amazon.com/dp/B09JYQZQ3V?tag=eloabder-20&linkCode=osi&th=1&psc=1">View Product</a></div>
<div class="product"><a href="https://www.amazon.com/dp/B00P9U2EM8?tag=eloabder-20&linkCode=osi&th=1&psc=1"><img src="https://m.media-amazon.com/images/I/41Op5kyIukL._SL500_.jpg" alt="Product Image"></a><p>Mead Spiral Notebook, 6 Pack, 1 Subject, College Ruled Paper, 7-1/2" x 10-1/2", 70 Sheets per Notebook, Colors Will Vary (830062-ECM25)</p><p> -46% 0FF </p><p>$6.71</p><a href="https://www.amazon.com/dp/B00P9U2EM8?tag=eloabder-20&linkCode=osi&th=1&psc=1">View Product</a></div><div class="product"><a href="https://www.amazon.com/dp/B0CQN8FVJX?tag=eloabder-20&linkCode=osi&th=1&psc=1"><img src="https://m.media-amazon.com/images/I/414WVVoGFPL._SL500_.jpg" alt="Product Image"></a><p>SUNEE Spiral Notebooks, 1-Subject, 5 Pack, College Ruled Paper, 8" x 10-1/2", 70 Sheets per Notebook,3-Hole Punched Paper, Pink,Purple, Blue, Green, Yellow Spiral Lined Notebooks for School,Work</p><p> -29% 0FF </p><p>$9.99</p><a href="https://www.amazon.com/dp/B0CQN8FVJX?tag=eloabder-20&linkCode=osi&th=1&psc=1">View Product</a></div><div class="product"><a href="https://www.amazon.com/dp/B08NYRMWZ8?tag=eloabder-20&linkCode=osi&th=1&psc=1"><img src="https://m.media-amazon.com/images/I/41y1cnNXtOL._SL500_.jpg" alt="Product Image"></a><p>Yansanido Spiral Notebook, 4 Pcs 8.3 Inch x 5.9 Inch A5 Thick Plastic Hardcover 8mm Ruled 4 Color 80 Sheets -160 Pages Journals for Study and Notes (style 10-Wine Red,Brown,Green,ivory, A5)</p><p> -23% 0FF </p><p>$9.99</p><a href="https://www.amazon.com/dp/B08NYRMWZ8?tag=eloabder-20&linkCode=osi&th=1&psc=1">View Product</a></div><div class="product"><a href="https://www.amazon.com/dp/B08VF9VYLZ?tag=eloabder-20&linkCode=osi&th=1&psc=1"><img src="https://m.media-amazon.com/images/I/41ktUSmtHAL._SL500_.jpg" alt="Product Image"></a><p>Oxford Spiral Notebooks, 6 Pack, 1 Subject, Wide Ruled Notebooks for School, 8 x 10.5 Inches, 70 Sheets, Assorted Pastel Colors, Back to School Supplies (63757)</p><p> -6% 0FF </p><p>$8.99</p><a href="https://www.amazon.com/dp/B08VF9VYLZ?tag=eloabder-20&linkCode=osi&th=1&psc=1">View Product</a></div>
<div class="product"><a href="https://www.amazon.com/dp/B0FDRCSXZH?tag=eloabder-20&linkCode=osi&th=1&psc=1"><img src="https://m.media-amazon.com/images/I/41rYztS-0zL._SL500_.jpg" alt="Product Image"></a><p>5pcs Small Note Pads, Color Notepads 5x8 College Ruled Notebook, Writing Pads 5 x 8, Legal Pads, Memo Pad Paper Perforate Narrow Ruled Notebooks for Work, School, Office Supplies,30 Sheets/Pack</p><p> -14% 0FF </p><p>$5.99</p><a href="https://www.amazon.com/dp/B0FDRCSXZH?tag=eloabder-20&linkCode=osi&th=1&psc=1">View Product</a></div><div class="product"><a href="https://www.amazon.com/dp/B0BZQNCV62?tag=eloabder-20&linkCode=osi&th=1&psc=1"><img src="https://m.media-amazon.com/images/I/41yNqvqCwoL._SL500_.jpg" alt="Product Image"></a><p>Alitte Legal Notepads 8.5 x 11, Pack of 12 - Perforated Wide Ruled Writing Pad - Premium Thick Paper, No Ink Bleeding - Blank Legal Pads For Home, Office, School, Business - 50 Sheets Per Notebook</p><p> -17% 0FF </p><p>$24.99</p><a href="https://www.amazon.com/dp/B0BZQNCV62?tag=eloabder-20&linkCode=osi&th=1&psc=1">View Product</a></div>
<div class="product"><a href="https://www.amazon.com/dp/B0C7S1PCX4?tag=eloabder-20&linkCode=osi&th=1&psc=1"><img src="https://m.media-amazon.com/images/I/41nVRBg2klL._SL500_.jpg" alt="Product Image"></a><p>Oxford 8.5 x 11 Legal Pads, 12 Pack, Wide Ruled, Yellow Paper, 50 Sheets Per Writing Pad, Made in the USA (74020)</p><p> -30% 0FF </p><p>$12.60</p><a href="https://www.amazon.com/dp/B0C7S1PCX4?tag=eloabder-20&linkCode=osi&th=1&psc=1">View Product</a></div><div class="product"><a href="https://www.amazon.com/dp/B0CGF22134?tag=eloabder-20&linkCode=osi&th=1&psc=1"><img src="https://m.media-amazon.com/images/I/41FzLgeXAyL._SL500_.jpg" alt="Product Image"></a><p>MSKKSM Legal Pads 8.5 x 11, 3 Pack Yellow Note Pads 8.5 x 11 Writing Pads, Wide Ruled Legal Notepads, Lined Pads of Paper Yellow Paper Pads, 30 Sheets Per Notepad for School, Home, Office, Business</p><p> -17% 0FF </p><p>$9.99</p><a href="https://www.amazon.com/dp/B0CGF22134?tag=eloabder-20&linkCode=osi&th=1&psc=1">View Product</a></div><div class="product"><a href="https://www.amazon.com/dp/B0FCMWHFC2?tag=eloabder-20&linkCode=osi&th=1&psc=1"><img src="https://m.media-amazon.com/images/I/41MMVFB-S4L._SL500_.jpg" alt="Product Image"></a><p>5pcs Legal Pads 8.5 x 11, Notepads 8.5 x 11 Inch, Color Note Pads Clear Print Writing Pads of Paper, Memo Pads , Perforate Legal Notepads Paper , Wide Ruled Lined with Sturdy Back,30 Sheets/Pack</p><p> -8% 0FF </p><p>$11.99</p><a href="https://www.amazon.com/dp/B0FCMWHFC2?tag=eloabder-20&linkCode=osi&th=1&psc=1">View Product</a></div>
<div class="product"><a href="https://www.amazon.com/dp/B08H593JZG?tag=eloabder-20&linkCode=osi&th=1&psc=1"><img src="https://m.media-amazon.com/images/I/415Ykzo-lyL._SL500_.jpg" alt="Product Image"></a><p>Eastern Wolf 8 Pads Sticky Notes 3x3 Self-Stick Notes 8 Bright Multi Colors Purple Sticky Notes, 85 Sheet/Pad</p><p> -20% 0FF </p><p>$5.59</p><a href="https://www.amazon.com/dp/B08H593JZG?tag=eloabder-20&linkCode=osi&th=1&psc=1">View Product</a></div><div class="product"><a href="https://www.amazon.com/dp/B0BPJW13CM?tag=eloabder-20&linkCode=osi&th=1&psc=1"><img src="https://m.media-amazon.com/images/I/41uKwTyz1rL._SL500_.jpg" alt="Product Image"></a><p>Post-it 100% Recycled Paper Super Sticky Notes, 2X The Sticking Power, 3x3 in, 5 Pads, 70 Sheets/Pad, Wanderlust Pastels Collection (654R-5SSNRP)</p><p> -33% 0FF </p><p>$5.98</p><a href="https://www.amazon.com/dp/B0BPJW13CM?tag=eloabder-20&linkCode=osi&th=1&psc=1">View Product</a></div><div class="product"><a href="https://www.amazon.com/dp/B0D6RPPK9H?tag=eloabder-20&linkCode=osi&th=1&psc=1"><img src="https://m.media-amazon.com/images/I/41O8zZ-RN4L._SL500_.jpg" alt="Product Image"></a><p>(18 Pads) Sticky Notes 3x3 inch, Self-Stick Pads Bright Colors Sticky Note, Recyclable, Easy to Post for Home, Office, Notebook</p><p> -40% 0FF </p><p>$8.39</p><a href="https://www.amazon.com/dp/B0D6RPPK9H?tag=eloabder-20&linkCode=osi&th=1&psc=1">View Product</a></div><div class="product"><a href="https://www.amazon.com/dp/B0CMGJ6FRB?tag=eloabder-20&linkCode=osi&th=1&psc=1"><img src="https://m.media-amazon.com/images/I/41xF9DqIGZL._SL500_.jpg" alt="Product Image"></a><p>Sticky Notes, 12 Pads, 3x3 inches, Soft Pastel Self-Stick Note Pads, Perfect for Office, Study, and Daily Life Organization - Soft Pastel</p><p> -16% 0FF </p><p>$5.06</p><a href="https://www.amazon.com/dp/B0CMGJ6FRB?tag=eloabder-20&linkCode=osi&th=1&psc=1">View Product</a></div>
<div class="product"><a href="https://www.amazon.com/dp/B07VRYX57R?tag=eloabder-20&linkCode=osi&th=1&psc=1"><img src="https://m.media-amazon.com/images/I/410XbLRqukL._SL500_.jpg" alt="Product Image"></a><p>(24 Pack) Sticky Notes 3x3 in Post Bright Stickies Colorful Super Sticking Power Memo Pads, Strong Adhesive, 74 Sheets/pad</p><p> -35% 0FF </p><p>$16.99</p><a href="https://www.amazon.com/dp/B07VRYX57R?tag=eloabder-20&linkCode=osi&th=1&psc=1">View Product</a></div><div class="product"><a href="https://www.amazon.com/dp/B00QSR9PRI?tag=eloabder-20&linkCode=osi&th=1&psc=1"><img src="https://m.media-amazon.com/images/I/31n-YNlgraL._SL500_.jpg" alt="Product Image"></a><p>Amazon Basics Narrow Ruled Lined Writing Note Pad, 5 inch x 8 inch, White, 12 Count (12 Pack of 50 pages)</p><p> -6% 0FF </p><p>$8.78</p><a href="https://www.amazon.com/dp/B00QSR9PRI?tag=eloabder-20&linkCode=osi&th=1&psc=1">View Product</a></div><div class="product"><a href="https://www.amazon.com/dp/B0D5M4D3NN?tag=eloabder-20&linkCode=osi&th=1&psc=1"><img src="https://m.media-amazon.com/images/I/41uzPvHBCDL._SL500_.jpg" alt="Product Image"></a><p>(12 Pack) Lined Sticky Notes 4x6 in Ruled Stickies Super Sticking Power Memo Pads Bright Colors</p><p> -40% 0FF </p><p>$8.98</p><a href="https://www.amazon.com/dp/B0D5M4D3NN?tag=eloabder-20&linkCode=osi&th=1&psc=1">View Product</a></div><div class="product"><a href="https://www.amazon.com/dp/B0CQK3M5VK?tag=eloabder-20&linkCode=osi&th=1&psc=1"><img src="https://m.media-amazon.com/images/I/31jKEzc1qFL._SL500_.jpg" alt="Product Image"></a><p>Note Pads 4x6 Inch, 6 Pack Blank Scratch Pads, 50 Sheets Per Memo Pad for Writing, White Pad of Paper Suit for Home, Office and School, Tear off Notepad, Small Server Notebook</p><p> -10% 0FF </p><p>$6.29</p><a href="https://www.amazon.com/dp/B0CQK3M5VK?tag=eloabder-20&linkCode=osi&th=1&psc=1">View Product</a></div>
<div class="product"><a href="https://www.amazon.com/dp/B0F5D4VNBX?tag=eloabder-20&linkCode=osi&th=1&psc=1"><img src="https://m.media-amazon.com/images/I/41SnXbixNcL._SL500_.jpg" alt="Product Image"></a><p>Blue Sky 2026 Weekly and Monthly Planner Calendar, Includes January 2026 - December 2026, 5" x 8", Flexible Cover, Wirebound, Laminated Tabs, Enterprise</p><p> -10% 0FF </p><p>$8.99</p><a href="https://www.amazon.com/dp/B0F5D4VNBX?tag=eloabder-20&linkCode=osi&th=1&psc=1">View Product</a></div><div class="product"><a href="https://www.amazon.com/dp/B0FRNQDRCR?tag=eloabder-20&linkCode=osi&th=1&psc=1"><img src="https://m.media-amazon.com/images/I/51rBf1oJchL._SL500_.jpg" alt="Product Image"></a><p>Essential PRO 2026 Daily, Weekly & Monthly Planner, 7"x9": 14 Months (Nov 2025 - Dec 2026) Monthly Tabs,Daily Tracking,Notes Pages,Storage Pocket,Bookmark w Sticky Notes (Tree Seasons)</p><p> -14% 0FF </p><p>$29.95</p><a href="https://www.amazon.com/dp/B0FRNQDRCR?tag=eloabder-20&linkCode=osi&th=1&psc=1">View Product</a></div><div class="product"><a href="https://www.amazon.com/dp/B0DYBQWJ5S?tag=eloabder-20&linkCode=osi&th=1&psc=1"><img src="https://m.media-amazon.com/images/I/41UP6Ui7BjL._SL500_.jpg" alt="Product Image"></a><p>AT-A-GLANCE 2026 Appointment Book Planner, Weekly, 8" x 11", Large, Quarter-Hourly, DayMinder, Black (G5200026)</p><p> -45% 0FF </p><p>$15.87</p><a href="https://www.amazon.com/dp/B0DYBQWJ5S?tag=eloabder-20&linkCode=osi&th=1&psc=1">View Product</a></div><div class="product"><a href="https://www.amazon.com/dp/B0DJ8SXCR4?tag=eloabder-20&linkCode=osi&th=1&psc=1"><img src="https://m.media-amazon.com/images/I/41sRmmLvCsL._SL500_.jpg" alt="Product Image"></a><p>Planner 2025-2026, Weekly and Monthly Calendar Academic Planner (July 2025 - June 2026), Hardcover Teacher School Student Agenda with Tabs, Ideal for School Office Supplies, A5 (6.3" x 8.5") - Green</p><p> -25% 0FF </p><p>$8.99</p><a href="https://www.amazon.com/dp/B0DJ8SXCR4?tag=eloabder-20&linkCode=osi&th=1&psc=1">View Product</a></div><div class="product"><a href="https://www.amazon.com/dp/B0D2VW43KP?tag=eloabder-20&linkCode=osi&th=1&psc=1"><img src="https://m.media-amazon.com/images/I/41eyA1Q1U4L._SL500_.jpg" alt="Product Image"></a><p>Forvencer 2026 Planner, Hardcover Calendar Planner Weekly and Monthly, January 2026 - December 2026, 8.5" x 11", Spiral Agenda Book with Tabs, Exquisite Daily Journal with Inner Pocket, Organizer Notebook for Office Home School, A4 Size, Green</p><p> -41% 0FF </p><p>$9.99</p><a href="https://www.amazon.com/dp/B0D2VW43KP?tag=eloabder-20&linkCode=osi&th=1&psc=1">View Product</a></div>
<div class="product"><a href="https://www.amazon.com/dp/B0DYBYRY3R?tag=eloabder-20&linkCode=osi&th=1&psc=1"><img src="https://m.media-amazon.com/images/I/41oxPcKnCuL._SL500_.jpg" alt="Product Image"></a><p>AT-A-GLANCE 2026 Desk Calendar, Monthly, Desk Pad, 21-3/4" x 17", Large, Ruled Blocks (SK240026)</p><p> -19% 0FF </p><p>$11.89</p><a href="https://www.amazon.com/dp/B0DYBYRY3R?tag=eloabder-20&linkCode=osi&th=1&psc=1">View Product</a></div><div class="product"><a href="https://www.amazon.com/dp/B0DXQ416QR?tag=eloabder-20&linkCode=osi&th=1&psc=1"><img src="https://m.media-amazon.com/images/I/41o3YUjfIVL._SL500_.jpg" alt="Product Image"></a><p>Aesthetic 2025-2026 Wall Calendar - Runs from May 2025 Until December 2026 - The Perfect Modern Calendar Planner for Easy Organizing</p><p> -43% 0FF </p><p>$3.99</p><a href="https://www.amazon.com/dp/B0DXQ416QR?tag=eloabder-20&linkCode=osi&th=1&psc=1">View Product</a></div><div class="product"><a href="https://www.amazon.com/dp/B0CCRXKSK8?tag=eloabder-20&linkCode=osi&th=1&psc=1"><img src="https://m.media-amazon.com/images/I/51eOdkimr+L._SL500_.jpg" alt="Product Image"></a><p>SUNEE Wall Calendar 2025-2026 Large 22.75"x15.5", 21 Month Calendar from October 2025 to June 2027, Vertical Extra Large Monthly Calendar 2026 for Wall, Seasons Color</p><p> -24% 0FF </p><p>$15.19</p><a href="https://www.amazon.com/dp/B0CCRXKSK8?tag=eloabder-20&linkCode=osi&th=1&psc=1">View Product</a></div><div class="product"><a href="https://www.amazon.com/dp/B0F7HZ7C9G?tag=eloabder-20&linkCode=osi&th=1&psc=1"><img src="https://m.media-amazon.com/images/I/41rkKO18HGL._SL500_.jpg" alt="Product Image"></a><p>Beautiful 2025-2026 Wall Calendar - Runs from July 2025 until December 2026 – Large 14.5" x 11.5" Office Wall Calendar for Easy Organizing</p><p> -10% 0FF </p><p>$8.99</p><a href="https://www.amazon.com/dp/B0F7HZ7C9G?tag=eloabder-20&linkCode=osi&th=1&psc=1">View Product</a></div><div class="product"><a href="https://www.amazon.com/dp/B0DYDC7ZLV?tag=eloabder-20&linkCode=osi&th=1&psc=1"><img src="https://m.media-amazon.com/images/I/51MOLWJ45HL._SL500_.jpg" alt="Product Image"></a><p>XISIDO 2025-2026 Wall Calendar, Calendar 2025-2026, 18 Month Calendar July 2025 - December 2026, 14.8" X 11.5", Calendar with Twin-Wire Binding, Hanging Hook and Julian Dates (Seasonal Designs)</p><p> -20% 0FF </p><p>$7.99</p><a href="https://www.amazon.com/dp/B0DYDC7ZLV?tag=eloabder-20&linkCode=osi&th=1&psc=1">View Product</a></div><div class="product"><a href="https://www.amazon.com/dp/B0D2KCVBBD?tag=eloabder-20&linkCode=osi&th=1&psc=1"><img src="https://m.media-amazon.com/images/I/51Eg-3ZKZxL._SL500_.jpg" alt="Product Image"></a><p>XISIDO Calendar 2025-2026, 18 Months Wall Calendar July 2025 to Dec 2026 Calendar with Julian Dates, 11" X 8.5" (Colorful)</p><p> -33% 0FF </p><p>$3.99</p><a href="https://www.amazon.com/dp/B0D2KCVBBD?tag=eloabder-20&linkCode=osi&th=1&psc=1">View Product</a></div><div class="product"><a href="https://www.amazon.com/dp/B0DY7R9226?tag=eloabder-20&linkCode=osi&th=1&psc=1"><img src="https://m.media-amazon.com/images/I/41eTUjCfzFL._SL500_.jpg" alt="Product Image"></a><p>Lbylyhxc Wall Calendar 2025-2026 - Runs from July 2025 to December 2026-18 Monthly Calendar 2026. Thick Paper includes major holidays and dedicated space for notes and important dates (Colorful Calendar 2025-2026)</p><p> -50% 0FF </p><p>$2.49</p><a href="https://www.amazon.com/dp/B0DY7R9226?tag=eloabder-20&linkCode=osi&th=1&psc=1">View Product</a></div>
<div class="product"><a href="https://www.amazon.com/dp/B00NI5LVAW?tag=eloabder-20&linkCode=osi&th=1&psc=1"><img src="https://m.media-amazon.com/images/I/31X0RgqQ1ML._SL500_.jpg" alt="Product Image"></a><p>Pendaflex File Folders, Letter Size, 1/3 Cut, Manila, 250 per Box (752250)</p><p> -11% 0FF </p><p>$26.50</p><a href="https://www.amazon.com/dp/B00NI5LVAW?tag=eloabder-20&linkCode=osi&th=1&psc=1">View Product</a></div><div class="product"><a href="https://www.amazon.com/dp/B0D1YBFHS8?tag=eloabder-20&linkCode=osi&th=1&psc=1"><img src="https://m.media-amazon.com/images/I/41qkHxiS+vL._SL500_.jpg" alt="Product Image"></a><p>SUNEE File Folders, 30 Pack Manilla Folders 8.5 x 11, Colored File Folders Home Office School Supplies for Documents Files Paper, 6 Assorted Colors</p><p> -26% 0FF </p><p>$9.99</p><a href="https://www.amazon.com/dp/B0D1YBFHS8?tag=eloabder-20&linkCode=osi&th=1&psc=1">View Product</a></div><div class="product"><a href="https://www.amazon.com/dp/B000DZ9XGO?tag=eloabder-20&linkCode=osi&th=1&psc=1"><img src="https://m.media-amazon.com/images/I/31WKzTB-4WL._SL500_.jpg" alt="Product Image"></a><p>Oxford Two-Pocket Folders, Assorted Colors, Letter Size, 25 per box (57513)</p><p> -32% 0FF </p><p>$12.23</p><a href="https://www.amazon.com/dp/B000DZ9XGO?tag=eloabder-20&linkCode=osi&th=1&psc=1">View Product</a></div><div class="product"><a href="https://www.amazon.com/dp/B0F8H75MLS?tag=eloabder-20&linkCode=osi&th=1&psc=1"><img src="https://m.media-amazon.com/images/I/41GV18+8+zL._SL500_.jpg" alt="Product Image"></a><p>Plastic Folders with Pockets, 6 Pack Document Folders with Business Card Slot, 2 Pocket Folders Back to School Supplies for Kids, Office</p><p> -33% 0FF </p><p>$5.99</p><a href="https://www.amazon.com/dp/B0F8H75MLS?tag=eloabder-20&linkCode=osi&th=1&psc=1">View Product</a></div><div class="product"><a href="https://www.amazon.com/dp/B0CPDTKFVF?tag=eloabder-20&linkCode=osi&th=1&psc=1"><img src="https://m.media-amazon.com/images/I/41PQ8ToLyhL._SL500_.jpg" alt="Product Image"></a><p>Aegero Plastic Folders with Pockets (7 Pack, Assorted Colors), Durable Heavy Duty File Folders with Business Card Slot, 2-Pocket Folder for Schoolwork & Office,Letter Size…</p><p> -11% 0FF </p><p>$7.99</p><a href="https://www.amazon.com/dp/B0CPDTKFVF?tag=eloabder-20&linkCode=osi&th=1&psc=1">View Product</a></div>
<div class="product"><a href="https://www.amazon.com/dp/B0CSPT4RFH?tag=eloabder-20&linkCode=osi&th=1&psc=1"><img src="https://m.media-amazon.com/images/I/31O8kdFg7FL._SL500_.jpg" alt="Product Image"></a><p>Two Tone Color File Folders 8.5 x 11 Inch, 1/3 Cut Tab File Folders Letter Size, Assorted Colors, Blue Red Green Yellow Orange Manila File Folders, School Business Office Folders for Document -15 Pack</p><p> -13% 0FF </p><p>$6.99</p><a href="https://www.amazon.com/dp/B0CSPT4RFH?tag=eloabder-20&linkCode=osi&th=1&psc=1">View Product</a></div><div class="product"><a href="https://www.amazon.com/dp/B01MXC0YS5?tag=eloabder-20&linkCode=osi&th=1&psc=1"><img src="https://m.media-amazon.com/images/I/41YLerNwKTL._SL500_.jpg" alt="Product Image"></a><p>Pendaflex Hanging File Folders, Letter Size, Assorted Colors, 1/5-Cut Adjustable Tabs, 25 Per Box (81663)</p><p> -7% 0FF </p><p>$13.99</p><a href="https://www.amazon.com/dp/B01MXC0YS5?tag=eloabder-20&linkCode=osi&th=1&psc=1">View Product</a></div><div class="product"><a href="https://www.amazon.com/dp/B0896Q5MMC?tag=eloabder-20&linkCode=osi&th=1&psc=1"><img src="https://m.media-amazon.com/images/I/41jDOLSqtWL._SL500_.jpg" alt="Product Image"></a><p>Pendaflex Two Tone Color File Folders, Letter Size, Assorted Colors (Teal, Violet, Gray, Navy and Burgundy), 1/3-Cut Tabs, 5 Color, 100/Box, (02315)</p><p> -27% 0FF </p><p>$13.89</p><a href="https://www.amazon.com/dp/B0896Q5MMC?tag=eloabder-20&linkCode=osi&th=1&psc=1">View Product</a></div><div class="product"><a href="https://www.amazon.com/dp/B0D1YCC6KK?tag=eloabder-20&linkCode=osi&th=1&psc=1"><img src="https://m.media-amazon.com/images/I/31aHHvZVc+L._SL500_.jpg" alt="Product Image"></a><p>SUNEE File Folders, 30 Pack Manilla Folders 8.5 x 11, Colored File Folders Home Office School Supplies for Documents Files Paper,6 Pastel Colors</p><p> -26% 0FF </p><p>$9.99</p><a href="https://www.amazon.com/dp/B0D1YCC6KK?tag=eloabder-20&linkCode=osi&th=1&psc=1">View Product</a></div>
<div class="product"><a href="https://www.amazon.com/dp/B0FGXLHFDD?tag=eloabder-20&linkCode=osi&th=1&psc=1"><img src="https://m.media-amazon.com/images/I/414ng1TKsOL._SL500_.jpg" alt="Product Image"></a><p>Trandraft Plastic Extra Capacity Hanging File Folders, 5 Inch Expanding Pocket with Movable Dividers, Letter Size Black File Folders with Insertable Tabs for Filing Cabine</p><p> -5% 0FF </p><p>$18.99</p><a href="https://www.amazon.com/dp/B0FGXLHFDD?tag=eloabder-20&linkCode=osi&th=1&psc=1">View Product</a></div><div class="product"><a href="https://www.amazon.com/dp/B08QTW4GJT?tag=eloabder-20&linkCode=osi&th=1&psc=1"><img src="https://m.media-amazon.com/images/I/41OVgNttdnL._SL500_.jpg" alt="Product Image"></a><p>Pendaflex Reinforced Hanging Folders, Letter Size, Assorted Colors 1/5 Cut, Tabs and Inserts, 25 Per Box (41522AMZ)</p><p> -32% 0FF </p><p>$13.99</p><a href="https://www.amazon.com/dp/B08QTW4GJT?tag=eloabder-20&linkCode=osi&th=1&psc=1">View Product</a></div><div class="product"><a href="https://www.amazon.com/dp/B07Y67ZCJS?tag=eloabder-20&linkCode=osi&th=1&psc=1"><img src="https://m.media-amazon.com/images/I/51g37Wkw2CL._SL500_.jpg" alt="Product Image"></a><p>EASEPRES 5 Pocket Mesh Hanging Wall File Organizer, Wall Mounted Mail Paper Document Folder Holder, Clipboard Storage Organization Magazine Rack with Nametag Label for Office Home School, Black</p><p> -30% 0FF </p><p>$22.99</p><a href="https://www.amazon.com/dp/B07Y67ZCJS?tag=eloabder-20&linkCode=osi&th=1&psc=1">View Product</a></div><div class="product"><a href="https://www.amazon.com/dp/B0CGWNNBCV?tag=eloabder-20&linkCode=osi&th=1&psc=1"><img src="https://m.media-amazon.com/images/I/31SGzCfPDcL._SL500_.jpg" alt="Product Image"></a><p>SUNEE 25 Count Hanging File Folders, Pastel Colors, Hanging File Folders Letter Size, Hanging Folders with 1/5-cut Tabs, Designed for Bulky Files, Filing Cabinets, Medical Charts</p><p> -15% 0FF </p><p>$16.99</p><a href="https://www.amazon.com/dp/B0CGWNNBCV?tag=eloabder-20&linkCode=osi&th=1&psc=1">View Product</a></div><div class="product"><a href="https://www.amazon.com/dp/B00006IF4G?tag=eloabder-20&linkCode=osi&th=1&psc=1"><img src="https://m.media-amazon.com/images/I/31LuYqWSObL._SL500_.jpg" alt="Product Image"></a><p>Smead Standard Hanging File Folders, 25 Count, Assorted Primaries, 1/5-Cut Adjustable Tabs, Letter Size (64059)</p><p> -7% 0FF </p><p>$13.55</p><a href="https://www.amazon.com/dp/B00006IF4G?tag=eloabder-20&linkCode=osi&th=1&psc=1">View Product</a></div>
<div class="product"><a href="https://www.amazon.com/dp/B0C77GP9XB?tag=eloabder-20&linkCode=osi&th=1&psc=1"><img src="https://m.media-amazon.com/images/I/415Jszg3LKL._SL500_.jpg" alt="Product Image"></a><p>SKYDUE Expanding File Organizer with 8 Pockets, Accordion File Folders with Labels, Portable Document Paper Bill Receipt Organizer, Home College School Office Supplies, Letter Size, Blue</p><p> -13% 0FF </p><p>$6.98</p><a href="https://www.amazon.com/dp/B0C77GP9XB?tag=eloabder-20&linkCode=osi&th=1&psc=1">View Product</a></div><div class="product"><a href="https://www.amazon.com/dp/B0013CETUQ?tag=eloabder-20&linkCode=osi&th=1&psc=1"><img src="https://m.media-amazon.com/images/I/51GxTzd4XbL._SL500_.jpg" alt="Product Image"></a><p>Pendaflex R217DHD Heavy-Duty Expanding Open Top File, 31 Pockets, 1/3 Tab, Letter, Brown</p><p> -36% 0FF </p><p>$15.90</p><a href="https://www.amazon.com/dp/B0013CETUQ?tag=eloabder-20&linkCode=osi&th=1&psc=1">View Product</a></div><div class="product"><a href="https://www.amazon.com/dp/B000UHJCZC?tag=eloabder-20&linkCode=osi&th=1&psc=1"><img src="https://m.media-amazon.com/images/I/31bbG1gUU2L._SL500_.jpg" alt="Product Image"></a><p>Pendaflex Expanding File Pockets, Letter Size, Redrope, 3.5" Expansion, Reinforced with DuPont™ Tyvek® Material, Redrope, 25 per Box (1524E-OX)</p><p> -9% 0FF </p><p>$27.37</p><a href="https://www.amazon.com/dp/B000UHJCZC?tag=eloabder-20&linkCode=osi&th=1&psc=1">View Product</a></div><div class="product"><a href="https://www.amazon.com/dp/B000FD9YHM?tag=eloabder-20&linkCode=osi&th=1&psc=1"><img src="https://m.media-amazon.com/images/I/511Yz6zbRaL._SL500_.jpg" alt="Product Image"></a><p>Pendaflex Heavy Duty Expanding File with Extra-Thick Cover, Tyvek Reinforced Edges, 21 Pockets, A–Z Tabs, Elastic Cord Closure, Letter Size (R117ALHD),Brown</p><p> -14% 0FF </p><p>$14.99</p><a href="https://www.amazon.com/dp/B000FD9YHM?tag=eloabder-20&linkCode=osi&th=1&psc=1">View Product</a></div>
<div class="product"><a href="https://www.amazon.com/dp/B07GKPZDG4?tag=eloabder-20&linkCode=osi&th=1&psc=1"><img src="https://m.media-amazon.com/images/I/51sUuF8kU-L._SL500_.jpg" alt="Product Image"></a><p>Cardinal Economy 3 Ring Binder, 1.5 Inch, Presentation View, Black, Holds 350 Sheets, Nonstick, PVC Free, 4 Pack of Binders (79519)</p><p> -42% 0FF </p><p>$9.19</p><a href="https://www.amazon.com/dp/B07GKPZDG4?tag=eloabder-20&linkCode=osi&th=1&psc=1">View Product</a></div><div class="product"><a href="https://www.amazon.com/dp/B0BF57LL4V?tag=eloabder-20&linkCode=osi&th=1&psc=1"><img src="https://m.media-amazon.com/images/I/317fBolZ+4L._SL500_.jpg" alt="Product Image"></a><p>1-inch 3 Ring Binder with 2 Interior Pockets, 1'' Basic Binders Holds US Letter Size 8.5'' x 11'' Paper - Versatile Binders for Office, Home, and School Use, 6 Pack (White)</p><p> -15% 0FF </p><p>$24.64</p><a href="https://www.amazon.com/dp/B0BF57LL4V?tag=eloabder-20&linkCode=osi&th=1&psc=1">View Product</a></div><div class="product"><a href="https://www.amazon.com/dp/B0BXKQ7YTW?tag=eloabder-20&linkCode=osi&th=1&psc=1"><img src="https://m.media-amazon.com/images/I/416TyBdEZYL._SL500_.jpg" alt="Product Image"></a><p>SUNEE 3 Ring Binder 1 Inch 4 Pack, Clear View 1" Binders Three Ring PVC-Free (Fit 8.5x11 Inches) for School or Office Supplies, Assorted Pastel</p><p> -17% 0FF </p><p>$14.85</p><a href="https://www.amazon.com/dp/B0BXKQ7YTW?tag=eloabder-20&linkCode=osi&th=1&psc=1">View Product</a></div><div class="product"><a href="https://www.amazon.com/dp/B0D2ZF8FHZ?tag=eloabder-20&linkCode=osi&th=1&psc=1"><img src="https://m.media-amazon.com/images/I/31smaJgK7vL._SL500_.jpg" alt="Product Image"></a><p>BinderX Extra Durable 3 Ring Binder, Round Rings 1 Inch Binder, Fits 175 Sheets of 8.5x11 Paper, Customizable View Cover with Inside Pockets, Cute 1" Binders, 1 Inch Binders 3 Ring, Pink</p><p> -36% 0FF </p><p>$8.99</p><a href="https://www.amazon.com/dp/B0D2ZF8FHZ?tag=eloabder-20&linkCode=osi&th=1&psc=1">View Product</a></div><div class="product"><a href="https://www.amazon.com/dp/B001B0GJDU?tag=eloabder-20&linkCode=osi&th=1&psc=1"><img src="https://m.media-amazon.com/images/I/41vpkaYBqsL._SL500_.jpg" alt="Product Image"></a><p>Avery Heavy-Duty View 3 Ring Binder, 1" One Touch Slant Rings, Holds 8.5" x 11" Paper, 1 Black Binder (05300)</p><p> -46% 0FF </p><p>$5.89</p><a href="https://www.amazon.com/dp/B001B0GJDU?tag=eloabder-20&linkCode=osi&th=1&psc=1">View Product</a></div>
<div class="product"><a href="https://www.amazon.com/dp/B092CM3KVX?tag=eloabder-20&linkCode=osi&th=1&psc=1"><img src="https://m.media-amazon.com/images/I/51kltWaLgmL._SL500_.jpg" alt="Product Image"></a><p>Avery Write & Erase Dividers for 3 Ring Binders, 8 Tabs per Set, Multicolor Big Tabs, Pastels, Binder Dividers Great for Organizing Reports, Projects, and More (16271)</p><p> -31% 0FF </p><p>$3.90</p><a href="https://www.amazon.com/dp/B092CM3KVX?tag=eloabder-20&linkCode=osi&th=1&psc=1">View Product</a></div><div class="product"><a href="https://www.amazon.com/dp/B08WBYPVGJ?tag=eloabder-20&linkCode=osi&th=1&psc=1"><img src="https://m.media-amazon.com/images/I/31NPQ52TfAL._SL500_.jpg" alt="Product Image"></a><p>Oxford Blank Write On Binder Dividers, 1/5 Cut Tabs, 3 Hole Punch Dividers in 5 Tab Sets, 100 Dividers, 20 Sets, White (89981)</p><p> -5% 0FF </p><p>$15.19</p><a href="https://www.amazon.com/dp/B08WBYPVGJ?tag=eloabder-20&linkCode=osi&th=1&psc=1">View Product</a></div><div class="product"><a href="https://www.amazon.com/dp/B0CZL39ZHS?tag=eloabder-20&linkCode=osi&th=1&psc=1"><img src="https://m.media-amazon.com/images/I/41APO6LBeCL._SL500_.jpg" alt="Product Image"></a><p>Forvencer 8 Count Dividers with Two Pockets, 8 tabs Binder Dividers for 3 Ring Binder Organizer, Multicolor, 1 Set</p><p> -25% 0FF </p><p>$5.99</p><a href="https://www.amazon.com/dp/B0CZL39ZHS?tag=eloabder-20&linkCode=osi&th=1&psc=1">View Product</a></div><div class="product"><a href="https://www.amazon.com/dp/B01FKMCNL6?tag=eloabder-20&linkCode=osi&th=1&psc=1"><img src="https://m.media-amazon.com/images/I/510vgT9G85L._SL500_.jpg" alt="Product Image"></a><p>Avery Binder Dividers - 5-Tab Insertable Multicolor Big Tabs for Binders, 6 Sets of Dividers (11109)</p><p> -11% 0FF </p><p>$5.78</p><a href="https://www.amazon.com/dp/B01FKMCNL6?tag=eloabder-20&linkCode=osi&th=1&psc=1">View Product</a></div><div class="product"><a href="https://www.amazon.com/dp/B0CQ4YNHX8?tag=eloabder-20&linkCode=osi&th=1&psc=1"><img src="https://m.media-amazon.com/images/I/315hb+NtGGL._SL500_.jpg" alt="Product Image"></a><p>Binder Dividers for 3 Ring Binder, 1/5 Cut Tabs, Letter Size, Blank Write On Page Dividers with 5 Big Tabs for School Office Home, 4 Sets, 20 Dividers, White</p><p> -14% 0FF </p><p>$5.98</p><a href="https://www.amazon.com/dp/B0CQ4YNHX8?tag=eloabder-20&linkCode=osi&th=1&psc=1">View Product</a></div><div class="product"><a href="https://www.amazon.com/dp/B01HC4KIVW?tag=eloabder-20&linkCode=osi&th=1&psc=1"><img src="https://m.media-amazon.com/images/I/412g1OcKv-L._SL500_.jpg" alt="Product Image"></a><p>Avery Big Tab Write & Erase Durable Plastic Dividers for 3 Ring Binders, 8-Tab Set, Bright Multicolor, 1 Set (16130)</p><p> -23% 0FF </p><p>$4.33</p><a href="https://www.amazon.com/dp/B01HC4KIVW?tag=eloabder-20&linkCode=osi&th=1&psc=1">View Product</a></div><div class="product"><a href="https://www.amazon.com/dp/B0000AQOB0?tag=eloabder-20&linkCode=osi&th=1&psc=1"><img src="https://m.media-amazon.com/images/I/51ek4ZNke4L._SL500_.jpg" alt="Product Image"></a><p>Avery 12 Tab Dividers for 3 Ring Binders, Customizable Table of Contents, Multicolor Tabs, 6 Sets (11196)</p><p> -36% 0FF </p><p>$17.99</p><a href="https://www.amazon.com/dp/B0000AQOB0?tag=eloabder-20&linkCode=osi&th=1&psc=1">View Product</a></div>
<div class="product"><a href="https://www.amazon.com/dp/B07R795LTM?tag=eloabder-20&linkCode=osi&th=1&psc=1"><img src="https://m.media-amazon.com/images/I/31OAmU6E5kL._SL500_.jpg" alt="Product Image"></a><p>Amazon Basics Polypropylene (PP) Sheet Protector, Non-Glare, 200 Pack, Clear</p><p> -13% 0FF </p><p>$10.40</p><a href="https://www.amazon.com/dp/B07R795LTM?tag=eloabder-20&linkCode=osi&th=1&psc=1">View Product</a></div><div class="product"><a href="https://www.amazon.com/dp/B0D62ZBV24?tag=eloabder-20&linkCode=osi&th=1&psc=1"><img src="https://m.media-amazon.com/images/I/41n9XbYoyhL._SL500_.jpg" alt="Product Image"></a><p>Aegero 65 Pack Clear Sheet Protectors, 8.5 x 11 inch Page Protectors for 3 Ring Binder,Top Loading Paper Protector for Documents and Photos,Letter Size</p><p> -20% 0FF </p><p>$3.99</p><a href="https://www.amazon.com/dp/B0D62ZBV24?tag=eloabder-20&linkCode=osi&th=1&psc=1">View Product</a></div><div class="product"><a href="https://www.amazon.com/dp/B08CMG5MCB?tag=eloabder-20&linkCode=osi&th=1&psc=1"><img src="https://m.media-amazon.com/images/I/410BZVBSLLL._SL500_.jpg" alt="Product Image"></a><p>Sheet Protectors, PANDRI 500 Pack Clear Heavy Duty Plastic Page Protectors Sheet Reinforced 11-Hole Fit for 3 Ring Binder Fits Standard 8.5 x 11 Paper, 9.25 x 11.25 Top Loaded, Excluding Acid</p><p> -15% 0FF </p><p>$22.94</p><a href="https://www.amazon.com/dp/B08CMG5MCB?tag=eloabder-20&linkCode=osi&th=1&psc=1">View Product</a></div><div class="product"><a href="https://www.amazon.com/dp/B0DZ6J73VW?tag=eloabder-20&linkCode=osi&th=1&psc=1"><img src="https://m.media-amazon.com/images/I/41NNzcs8bsL._SL500_.jpg" alt="Product Image"></a><p>TUOKCALB 50 Pack Clear Sheet Protectors for 3 Ring Binder, Polypropylene Acid-Free Material, 8.5 x 11 Inch Letter Size, Protector of Your Documents</p><p> -18% 0FF </p><p>$3.29</p><a href="https://www.amazon.com/dp/B0DZ6J73VW?tag=eloabder-20&linkCode=osi&th=1&psc=1">View Product</a></div><div class="product"><a href="https://www.amazon.com/dp/B0D294F9GZ?tag=eloabder-20&linkCode=osi&th=1&psc=1"><img src="https://m.media-amazon.com/images/I/41szN7I4ozL._SL500_.jpg" alt="Product Image"></a><p>Sheet Protectors 8.5 x11 Inch, 100 Pack Page Protectors for 3 Ring Binder, Top Loading Plastic Sleeves with Reinforced 3-Hole Punch for Binders, Letter Size, for Documents and Photos, Office Supplies.</p><p> -23% 0FF </p><p>$9.99</p><a href="https://www.amazon.com/dp/B0D294F9GZ?tag=eloabder-20&linkCode=osi&th=1&psc=1">View Product</a></div><div class="product"><a href="https://www.amazon.com/dp/B0D59XF4D3?tag=eloabder-20&linkCode=osi&th=1&psc=1"><img src="https://m.media-amazon.com/images/I/41EpBhN87iL._SL500_.jpg" alt="Product Image"></a><p>DOSEWART 70Pack Sheet Protectors, Clear Heavy Duty Plastic Page Protectors for 3 Ring Binder, Top Loading Sheet Protectors 8.5 x 11” for Photo, Paper, Document Protector</p><p> -43% 0FF </p><p>$3.99</p><a href="https://www.amazon.com/dp/B0D59XF4D3?tag=eloabder-20&linkCode=osi&th=1&psc=1">View Product</a></div>
<div class="product"><a href="https://www.amazon.com/dp/B000T9MP5U?tag=eloabder-20&linkCode=osi&th=1&psc=1"><img src="https://m.media-amazon.com/images/I/41zOycTbMML._SL500_.jpg" alt="Product Image"></a><p>Mead #10 Security Business Envelopes Letter Size 4-1/8" x 9-1/2" – Peel and Seal, Privacy Lined, No-Window, Press-It Seal-It Self-Adhesive for Home & Office Mailing, 45 Count (75026)</p><p> -13% 0FF </p><p>$3.57</p><a href="https://www.amazon.com/dp/B000T9MP5U?tag=eloabder-20&linkCode=osi&th=1&psc=1">View Product</a></div><div class="product"><a href="https://www.amazon.com/dp/B06VVLD2GL?tag=eloabder-20&linkCode=osi&th=1&psc=1"><img src="https://m.media-amazon.com/images/I/11zBoWnx9uL._SL500_.jpg" alt="Product Image"></a><p>Amazon Basics 10 Security-Tinted Self-Seal Business Letter Envelopes, Peel & Seal Adhesive Closure, White, 500-Pack</p><p> -5% 0FF </p><p>$18.04</p><a href="https://www.amazon.com/dp/B06VVLD2GL?tag=eloabder-20&linkCode=osi&th=1&psc=1">View Product</a></div><div class="product"><a href="https://www.amazon.com/dp/B07FMDV5LR?tag=eloabder-20&linkCode=osi&th=1&psc=1"><img src="https://m.media-amazon.com/images/I/41jTu3FDgaL._SL500_.jpg" alt="Product Image"></a><p>Quality Park #6 3/4 Self-Seal Security Envelopes, Security Tint and Pattern, Redi-Strip Closure, 24-lb White Wove, 3-5/8 x 6-1/2, 100/Box (QUA10417)</p><p> -23% 0FF </p><p>$4.99</p><a href="https://www.amazon.com/dp/B07FMDV5LR?tag=eloabder-20&linkCode=osi&th=1&psc=1">View Product</a></div>
<div class="product"><a href="https://www.amazon.com/dp/B00004Z5SM?tag=eloabder-20&linkCode=osi&th=1&psc=1"><img src="https://m.media-amazon.com/images/I/41LHX+FB2PL._SL500_.jpg" alt="Product Image"></a><p>Avery Easy Peel Printable Address Labels with Sure Feed, 1" x 2-5/8" Customizable Stickers, White, 750 Blank Mailing Labels, Great for Mailing, Shipping, and More (8160)</p><p> -48% 0FF </p><p>$8.99</p><a href="https://www.amazon.com/dp/B00004Z5SM?tag=eloabder-20&linkCode=osi&th=1&psc=1">View Product</a></div><div class="product"><a href="https://www.amazon.com/dp/B089LHX8Q6?tag=eloabder-20&linkCode=osi&th=1&psc=1"><img src="https://m.media-amazon.com/images/I/41+HcHENwbL._SL500_.jpg" alt="Product Image"></a><p>KKBESTPACK Half Sheet Shipping Labels for Laser and Inkjet Printers – 2 Per Page Self Adhesive Mailing Labels – White 8.5 x 5.5 (200 Labels) (2LP)</p><p> -10% 0FF </p><p>$9.86</p><a href="https://www.amazon.com/dp/B089LHX8Q6?tag=eloabder-20&linkCode=osi&th=1&psc=1">View Product</a></div><div class="product"><a href="https://www.amazon.com/dp/B001SN8ITI?tag=eloabder-20&linkCode=osi&th=1&psc=1"><img src="https://m.media-amazon.com/images/I/51vJip236KL._SL500_.jpg" alt="Product Image"></a><p>Avery Easy Peel Printable Address Labels with Sure Feed, 1" x 2-5/8" Customizable Stickers, White, 300 Blank Mailing Labels, Great for Mailing, Shipping, and More (18160)</p><p> -38% 0FF </p><p>$5.54</p><a href="https://www.amazon.com/dp/B001SN8ITI?tag=eloabder-20&linkCode=osi&th=1&psc=1">View Product</a></div><div class="product"><a href="https://www.amazon.com/dp/B0C2P8YTW2?tag=eloabder-20&linkCode=osi&th=1&psc=1"><img src="https://m.media-amazon.com/images/I/51EeHFqmTKL._SL500_.jpg" alt="Product Image"></a><p>FungLam 1" x 2-5/8" Shipping Address Labels 900 Label Stickers Paper for Laser/Inkjet Printer 30 per Page Printable Mailing Labels (30 Sheets, 900 Labels)</p><p> -25% 0FF </p><p>$5.99</p><a href="https://www.amazon.com/dp/B0C2P8YTW2?tag=eloabder-20&linkCode=osi&th=1&psc=1">View Product</a></div>
<div class="product"><a href="https://www.amazon.com/dp/B07X41JJXB?tag=eloabder-20&linkCode=osi&th=1&psc=1"><img src="https://m.media-amazon.com/images/I/31V4rpfdGtL._SL500_.jpg" alt="Product Image"></a><p>KKBESTPACK 100 Large Poly Mailers 10x13 Shipping Bags for Small Business – Self Sealing Package Envelopes (10 x 13 Pack of 100, Black)</p><p> -10% 0FF </p><p>$8.94 ($0.09 / Count)</p><a href="https://www.amazon.com/dp/B07X41JJXB?tag=eloabder-20&linkCode=osi&th=1&psc=1">View Product</a></div><div class="product"><a href="https://www.amazon.com/dp/B08C9T3997?tag=eloabder-20&linkCode=osi&th=1&psc=1"><img src="https://m.media-amazon.com/images/I/41CMEDIsQEL._SL500_.jpg" alt="Product Image"></a><p>Anylabel 2" x 3" Fragile Stickers for Shipping and Moving Please Handle with Care Fragile Thank You Do Not Drop, Warning Stickers Fragile Labels, Permanent Adhesive(500 Labels, 1 Roll)</p><p> -33% 0FF </p><p>$5.99</p><a href="https://www.amazon.com/dp/B08C9T3997?tag=eloabder-20&linkCode=osi&th=1&psc=1">View Product</a></div>

<div class="product"><a href="https://www.amazon.com/dp/B07S1JPBL3?tag=eloabder-20&linkCode=osi&th=1&psc=1"><img src="https://m.media-amazon.com/images/I/31f-QQIYroL._SL500_.jpg" alt="Product Image"></a><p>Amazon Basics Bubble Cushioning Wrap Packing Material for Fragile Items, Perforated, 12 inch x 175 ft Long Roll, Small 3/16", Clear</p><p> -6% 0FF </p><p>$21.99</p><a href="https://www.amazon.com/dp/B07S1JPBL3?tag=eloabder-20&linkCode=osi&th=1&psc=1">View Product</a></div><div class="product"><a href="https://www.amazon.com/dp/B0829D1D7V?tag=eloabder-20&linkCode=osi&th=1&psc=1"><img src="https://m.media-amazon.com/images/I/41azI2zaEYL._SL500_.jpg" alt="Product Image"></a><p>Bubble Cushioning Wrap Rolls, 3/16" x 12" x 72' ft Total [2 Rolls of 36 Feet] Perforated Every 12", 20 Fragile Stickers for Packaging, Shipping, Mailing</p><p> -14% 0FF </p><p>$18.99 ($9.50 / Count)</p><a href="https://www.amazon.com/dp/B0829D1D7V?tag=eloabder-20&linkCode=osi&th=1&psc=1">View Product</a></div><div class="product"><a href="https://www.amazon.com/dp/B011TB3UF0?tag=eloabder-20&linkCode=osi&th=1&psc=1"><img src="https://m.media-amazon.com/images/I/413RZYGr8kL._SL500_.jpg" alt="Product Image"></a><p>Duck Brand Bubble Wrap Original Protective Packaging, 12 Inches Wide x 30-Feet Long, Single Roll (393251), Clear</p><p> -26% 0FF </p><p>$8.85 ($0.30 / Sq Ft)</p><a href="https://www.amazon.com/dp/B011TB3UF0?tag=eloabder-20&linkCode=osi&th=1&psc=1">View Product</a></div>
<div class="product"><a href="https://www.amazon.com/dp/B016CV811U?tag=eloabder-20&linkCode=osi&th=1&psc=1"><img src="https://m.media-amazon.com/images/I/21hieSulLcL._SL500_.jpg" alt="Product Image"></a><p>MFLABEL Half Sheet Shipping Labels - 200 Self Adhesive Sticker Sheets for Laser & Inkjet Printers, Waterproof & Smudge-Free, with 12 Free Fragile Labels for Packaging, Shipping and Crafting</p><p> -5% 0FF </p><p>$9.49</p><a href="https://www.amazon.com/dp/B016CV811U?tag=eloabder-20&linkCode=osi&th=1&psc=1">View Product</a></div><div class="product"><a href="https://www.amazon.com/dp/B000093IJY?tag=eloabder-20&linkCode=osi&th=1&psc=1"><img src="https://m.media-amazon.com/images/I/51QdWTqr3AL._SL500_.jpg" alt="Product Image"></a><p>Avery Printable Shipping Labels with Sure Feed, 3-1/3" x 4", White, 150 Blank Mailing Labels (5264)</p><p> -20% 0FF </p><p>$13.62</p><a href="https://www.amazon.com/dp/B000093IJY?tag=eloabder-20&linkCode=osi&th=1&psc=1">View Product</a></div>
<div class="product"><a href="https://www.amazon.com/dp/B0B41X9SMT?tag=eloabder-20&linkCode=osi&th=1&psc=1"><img src="https://m.media-amazon.com/images/I/41CPFzKfW6L._SL500_.jpg" alt="Product Image"></a><p>Primy Drafting Chair Tall Office Chair with Flip-up Armrests Executive Ergonomic Computer Standing Desk Chair with Lumbar Support and Adjustable Footrest Ring (Black)</p><p> -16% 0FF </p><p>$108.96</p><a href="https://www.amazon.com/dp/B0B41X9SMT?tag=eloabder-20&linkCode=osi&th=1&psc=1">View Product</a></div><div class="product"><a href="https://www.amazon.com/dp/B0BFQX3YFY?tag=eloabder-20&linkCode=osi&th=1&psc=1"><img src="https://m.media-amazon.com/images/I/51+-fixEMUL._SL500_.jpg" alt="Product Image"></a><p>BlissTrends Foot Rest for Under Desk at Work-Versatile Foot Stool with Washable Cover-Comfortable Footrest with 2 Adjustable Heights for Car,Home and Office to Relieve Back,Lumbar,Knee Pain-Black</p><p> -39% 0FF </p><p>$18.99</p><a href="https://www.amazon.com/dp/B0BFQX3YFY?tag=eloabder-20&linkCode=osi&th=1&psc=1">View Product</a></div>
<div class="product"><a href="https://www.amazon.com/dp/B0CT8ZJ7ZC?tag=eloabder-20&linkCode=osi&th=1&psc=1"><img src="https://m.media-amazon.com/images/I/311UeVa48fL._SL500_.jpg" alt="Product Image"></a><p>HP OfficeJet Pro 8125e Wireless All-in-One Color Inkjet Printer, Print, scan, Copy, ADF, Duplex Printing Best-for-Home Office, 3 Month Instant Ink Trial Included, AI-Enabled (405T6A)</p><p> -21% 0FF </p><p>$109.99</p><a href="https://www.amazon.com/dp/B0CT8ZJ7ZC?tag=eloabder-20&linkCode=osi&th=1&psc=1">View Product</a></div><div class="product"><a href="https://www.amazon.com/dp/B0F1NJ75D5?tag=eloabder-20&linkCode=osi&th=1&psc=1"><img src="https://m.media-amazon.com/images/I/31pX+mOBu5L._SL500_.jpg" alt="Product Image"></a><p>HP DeskJet 2827e Wireless All-in-One Color Inkjet Printer, Scanner, Copier, Best-for-Home, 3 Month Instant Ink Trial Included, AI-Enabled (6W7F5A)</p><p> -41% 0FF </p><p>$49.99</p><a href="https://www.amazon.com/dp/B0F1NJ75D5?tag=eloabder-20&linkCode=osi&th=1&psc=1">View Product</a></div><div class="product"><a href="https://www.amazon.com/dp/B096N8DN2H?tag=eloabder-20&linkCode=osi&th=1&psc=1"><img src="https://m.media-amazon.com/images/I/316Ru3Zv4bL._SL500_.jpg" alt="Product Image"></a><p>Epson EcoTank ET-2800 Wireless Color All-in-One Cartridge-Free Supertank Printer with Scan and Copy â€“ The Ideal Basic Home Printer - Black, Medium</p><p> -25% 0FF </p><p>$179.99</p><a href="https://www.amazon.com/dp/B096N8DN2H?tag=eloabder-20&linkCode=osi&th=1&psc=1">View Product</a></div><div class="product"><a href="https://www.amazon.com/dp/B0FGC43YCL?tag=eloabder-20&linkCode=osi&th=1&psc=1"><img src="https://m.media-amazon.com/images/I/41LqmhjzXHL._SL500_.jpg" alt="Product Image"></a><p>Brother Work Smart 1360 Wireless Color Inkjet All-in-One Printer with Automatic Duplex Printing and 1.8” Color Display | Includes Refresh Subscription Trial(1) (MFC-J1360DW) (Uses LC501 Series Inks)</p><p> -18% 0FF </p><p>$89.99</p><a href="https://www.amazon.com/dp/B0FGC43YCL?tag=eloabder-20&linkCode=osi&th=1&psc=1">View Product</a></div><div class="product"><a href="https://www.amazon.com/dp/B0D1DV6FV5?tag=eloabder-20&linkCode=osi&th=1&psc=1"><img src="https://m.media-amazon.com/images/I/31-ZgpCGxiL._SL500_.jpg" alt="Product Image"></a><p>Canon PIXMA TS3720 Wireless All-in-One Printer (6671C022)</p><p> -38% 0FF </p><p>$54.00</p><a href="https://www.amazon.com/dp/B0D1DV6FV5?tag=eloabder-20&linkCode=osi&th=1&psc=1">View Product</a></div><div class="product"><a href="https://www.amazon.com/dp/B0BSMSYM9N?tag=eloabder-20&linkCode=osi&th=1&psc=1"><img src="https://m.media-amazon.com/images/I/31jPKfRqWSL._SL500_.jpg" alt="Product Image"></a><p>Canon MegaTank G3270 All-in-One Wireless Inkjet Printer. for Home Use, Print, Scan and Copy</p><p> -36% 0FF </p><p>$159.99</p><a href="https://www.amazon.com/dp/B0BSMSYM9N?tag=eloabder-20&linkCode=osi&th=1&psc=1">View Product</a></div>
<div class="product"><a href="https://www.amazon.com/dp/B0010JEJPC?tag=eloabder-20&linkCode=osi&th=1&psc=1"><img src="https://m.media-amazon.com/images/I/41O8Dj93QSL._SL500_.jpg" alt="Product Image"></a><p>Scotch TL901X Thermal Laminator, 1 Laminating Machine, Gray, Laminate School Assignments and Documents, for Dorm Room or School Supplies, 9 in.</p><p> -8% 0FF </p><p>$36.67</p><a href="https://www.amazon.com/dp/B0010JEJPC?tag=eloabder-20&linkCode=osi&th=1&psc=1">View Product</a></div><div class="product"><a href="https://www.amazon.com/dp/B0FRY6Z23J?tag=eloabder-20&linkCode=osi&th=1&psc=1"><img src="https://m.media-amazon.com/images/I/510BRY6bwzL._SL500_.jpg" alt="Product Image"></a><p>A3 Laminator Machine,13 Inch 9-in-1 Laminating Machine with Laminating Sheets,Thermal Laminator Hot & Cold with Fast Warm Technology for Home,Office or School Supplies(Black)</p><p> -80% 0FF </p><p>$49.99</p><a href="https://www.amazon.com/dp/B0FRY6Z23J?tag=eloabder-20&linkCode=osi&th=1&psc=1">View Product</a></div><div class="product"><a href="https://www.amazon.com/dp/B00CLV8ZIU?tag=eloabder-20&linkCode=osi&th=1&psc=1"><img src="https://m.media-amazon.com/images/I/414Ubx6GcML._SL500_.jpg" alt="Product Image"></a><p>Scotch PRO TL906 Thermal, Laminator Machine, 1 Laminating Device, White/Blue, Laminate Recipe Cards, Photos, Documents, for Home, Office, or School Supplies, 9 in</p><p> -42% 0FF </p><p>$43.80</p><a href="https://www.amazon.com/dp/B00CLV8ZIU?tag=eloabder-20&linkCode=osi&th=1&psc=1">View Product</a></div><div class="product"><a href="https://www.amazon.com/dp/B0CGC1WTV1?tag=eloabder-20&linkCode=osi&th=1&psc=1"><img src="https://m.media-amazon.com/images/I/41znZqCgzkL._SL500_.jpg" alt="Product Image"></a><p>Scotch Thermal Laminator, Extra Wide 13 Inch Input, Ideal for Teachers, Small Offices, or Home (TL1302X)</p><p> -24% 0FF </p><p>$47.58</p><a href="https://www.amazon.com/dp/B0CGC1WTV1?tag=eloabder-20&linkCode=osi&th=1&psc=1">View Product</a></div><div class="product"><a href="https://www.amazon.com/dp/B0FFSRRYQQ?tag=eloabder-20&linkCode=osi&th=1&psc=1"><img src="https://m.media-amazon.com/images/I/41n+2Vb8m2L._SL500_.jpg" alt="Product Image"></a><p>Laminator Machine, A4 Laminators Hot & Cold with 20 Laminating Sheets and Trimmer, 9 Inch Laminating Machine for Office, School, Business and Home</p><p> -57% 0FF </p><p>$29.99</p><a href="https://www.amazon.com/dp/B0FFSRRYQQ?tag=eloabder-20&linkCode=osi&th=1&psc=1">View Product</a></div><div class="product"><a href="https://www.amazon.com/dp/B007VBXB48?tag=eloabder-20&linkCode=osi&th=1&psc=1"><img src="https://m.media-amazon.com/images/I/41h-uQWFewL._SL500_.jpg" alt="Product Image"></a><p>Scotch Thermal Laminating Pouches, for Use with Thermal Laminators, 8.9 x 11.4 Inches, Letter Size Sheets, 100-Pack</p><p> -43% 0FF </p><p>$11.37</p><a href="https://www.amazon.com/dp/B007VBXB48?tag=eloabder-20&linkCode=osi&th=1&psc=1">View Product</a></div>
<div class="product"><a href="https://www.amazon.com/dp/B0CZP66BTJ?tag=eloabder-20&linkCode=osi&th=1&psc=1"><img src="https://m.media-amazon.com/images/I/410wj1x5eIL._SL500_.jpg" alt="Product Image"></a><p>Sweetcrispy Ergonomic Office Chair Heavy Duty Task Desk Chair with Flip-up Arms, PU Leather, Adjustable Swivel Rolling Chair with Wheels, Beige</p><p> -18% 0FF </p><p>$89.99</p><a href="https://www.amazon.com/dp/B0CZP66BTJ?tag=eloabder-20&linkCode=osi&th=1&psc=1">View Product</a></div><div class="product"><a href="https://www.amazon.com/dp/B00OCSNMO2?tag=eloabder-20&linkCode=osi&th=1&psc=1"><img src="https://m.media-amazon.com/images/I/41ZHAgGzr3L._SL500_.jpg" alt="Product Image"></a><p>Staples Hyken Ergonomic Swivel Task Chair, Adjustable Office Chair with Breathable Mesh and Lumbar Support, Perfect for Home and Office, Black</p><p> -7% 0FF </p><p>$129.99</p><a href="https://www.amazon.com/dp/B00OCSNMO2?tag=eloabder-20&linkCode=osi&th=1&psc=1">View Product</a></div><div class="product"><a href="https://www.amazon.com/dp/B0DXKCKPJG?tag=eloabder-20&linkCode=osi&th=1&psc=1"><img src="https://m.media-amazon.com/images/I/41HHOkCkcsL._SL500_.jpg" alt="Product Image"></a><p>Sweetcrispy Executive Home Office Desk Chair - Ergonomic Big Tall High Back with Footrest & Lumbar Support, Reclining Height Adjustable, Comfy PU Leather Computer Gaming with Swivel Wheels, White</p><p> -9% 0FF </p><p>$182.96</p><a href="https://www.amazon.com/dp/B0DXKCKPJG?tag=eloabder-20&linkCode=osi&th=1&psc=1">View Product</a></div><div class="product"><a href="https://www.amazon.com/dp/B0BHY5C5PC?tag=eloabder-20&linkCode=osi&th=1&psc=1"><img src="https://m.media-amazon.com/images/I/410TtD7nw9L._SL500_.jpg" alt="Product Image"></a><p>NEO CHAIR Office Desk Computer Chair Ergonomic Executive Mid-Back Leather Gaming Chair with Adjustable Flip-Up Armrests Wheels Swivel for Home Study Task (Jet Black)</p><p> -30% 0FF </p><p>$69.98</p><a href="https://www.amazon.com/dp/B0BHY5C5PC?tag=eloabder-20&linkCode=osi&th=1&psc=1">View Product</a></div>
<div class="product"><a href="https://www.amazon.com/dp/B08P3YVH3X?tag=eloabder-20&linkCode=osi&th=1&psc=1"><img src="https://m.media-amazon.com/images/I/41rW4JApydL._SL500_.jpg" alt="Product Image"></a><p>Epson Workforce ES-400 II Color Duplex Desktop Document Scanner for PC and Mac, with Auto Document Feeder (ADF) and Image Adjustment Tools, ES-400 II</p><p> -21% 0FF </p><p>$299.99</p><a href="https://www.amazon.com/dp/B08P3YVH3X?tag=eloabder-20&linkCode=osi&th=1&psc=1">View Product</a></div><div class="product"><a href="https://www.amazon.com/dp/B0F9B1H5VN?tag=eloabder-20&linkCode=osi&th=1&psc=1"><img src="https://m.media-amazon.com/images/I/41HifuXRYEL._SL500_.jpg" alt="Product Image"></a><p>ScanSnap iX2500 Wireless or USB High-Speed Cloud Enabled Document, Photo & Receipt Scanner with Large 5" Touchscreen and 100 Page Auto Document Feeder for Mac or PC, Black</p><p> -7% 0FF </p><p>$419.99</p><a href="https://www.amazon.com/dp/B0F9B1H5VN?tag=eloabder-20&linkCode=osi&th=1&psc=1">View Product</a></div><div class="product"><a href="https://www.amazon.com/dp/B07KQZWPYN?tag=eloabder-20&linkCode=osi&th=1&psc=1"><img src="https://m.media-amazon.com/images/I/21Ae0eJDWsL._SL500_.jpg" alt="Product Image"></a><p>Epson WorkForce ES-50 Portable Sheet-Fed Document Scanner for PC and Mac</p><p> -18% 0FF </p><p>$129.99</p><a href="https://www.amazon.com/dp/B07KQZWPYN?tag=eloabder-20&linkCode=osi&th=1&psc=1">View Product</a></div><div class="product"><a href="https://www.amazon.com/dp/B0C364K1SC?tag=eloabder-20&linkCode=osi&th=1&psc=1"><img src="https://m.media-amazon.com/images/I/41LKHn9dimL._SL500_.jpg" alt="Product Image"></a><p>Epson Perfection V19 II Color Photo and Document Flatbed Scanner with 4800 dpi Optical Resolution, USB Power and High-Rise, Removable Lid</p><p> -10% 0FF </p><p>$89.99</p><a href="https://www.amazon.com/dp/B0C364K1SC?tag=eloabder-20&linkCode=osi&th=1&psc=1">View Product</a></div><div class="product"><a href="https://www.amazon.com/dp/B09FX5SRQT?tag=eloabder-20&linkCode=osi&th=1&psc=1"><img src="https://m.media-amazon.com/images/I/41VnXqJ86dL._SL500_.jpg" alt="Product Image"></a><p>ScanSnap iX1300 Compact Wireless or USB Double-Sided Color Document, Photo & Receipt Scanner with Auto Document Feeder and Manual Feeder for Mac or PC, Black</p><p> -20% 0FF </p><p>$279.99</p><a href="https://www.amazon.com/dp/B09FX5SRQT?tag=eloabder-20&linkCode=osi&th=1&psc=1">View Product</a></div><div class="product"><a href="https://www.amazon.com/dp/B08P3ZT5WH?tag=eloabder-20&linkCode=osi&th=1&psc=1"><img src="https://m.media-amazon.com/images/I/410lohpNzaL._SL500_.jpg" alt="Product Image"></a><p>Epson Workforce ES-580W Wireless Color Duplex Desktop Document Scanner for PC and Mac with 100-sheet Auto Document Feeder (ADF) and Intuitive 4.3" Touchscreen</p><p> -20% 0FF </p><p>$359.99</p><a href="https://www.amazon.com/dp/B08P3ZT5WH?tag=eloabder-20&linkCode=osi&th=1&psc=1">View Product</a></div>
<div class="product"><a href="https://www.amazon.com/dp/B086BLQZ5L?tag=eloabder-20&linkCode=osi&th=1&psc=1"><img src="https://m.media-amazon.com/images/I/411bezC-CcL._SL500_.jpg" alt="Product Image"></a><p>Aothia Non-Slip Waterproof PU Leather Desk Pad Protector for Mouse, Writing Desk, Office, Home, Laptop Blotter, 23.6" x 13.7", Black</p><p> -29% 0FF </p><p>$9.99</p><a href="https://www.amazon.com/dp/B086BLQZ5L?tag=eloabder-20&linkCode=osi&th=1&psc=1">View Product</a></div><div class="product"><a href="https://www.amazon.com/dp/B0BYDZQY2K?tag=eloabder-20&linkCode=osi&th=1&psc=1"><img src="https://m.media-amazon.com/images/I/41QEEnkGx9L._SL500_.jpg" alt="Product Image"></a><p>Large Desk Mat 47.2" x 17" Leather Desk Pad Protector with Natural Cork & PU Leather, Non-Slip Office Desk Mat, Large Mouse Pad, Waterproof Desk Blotter pad for Office&Home(Black)</p><p> -20% 0FF </p><p>$19.99</p><a href="https://www.amazon.com/dp/B0BYDZQY2K?tag=eloabder-20&linkCode=osi&th=1&psc=1">View Product</a></div>

<div class="product"><a href="https://www.amazon.com/dp/B0033J6V3A?tag=eloabder-20&linkCode=osi&th=1&psc=1"><img src="https://m.media-amazon.com/images/I/21o5ASbichL._SL500_.jpg" alt="Product Image"></a><p>NuSparc 2 Drawer Locking Filing Cabinet | Pre-Assembled Steel Construction | Space-Saving Design is Perfect for Home and Small Office | Letter-Size | Assembled in North America</p><p> -14% 0FF </p><p>$76.99</p><a href="https://www.amazon.com/dp/B0033J6V3A?tag=eloabder-20&linkCode=osi&th=1&psc=1">View Product</a></div><div class="product"><a href="https://www.amazon.com/dp/B0D9XYD75W?tag=eloabder-20&linkCode=osi&th=1&psc=1"><img src="https://m.media-amazon.com/images/I/31VM3xK++PL._SL500_.jpg" alt="Product Image"></a><p>BYNSOE 2 Drawer File Cabinet with Lock Vertical Filing Storage Cabinet Office Home Steel Vertical File Cabinets for Letter Size File Cabinet Locked,Assembly Required</p><p> -8% 0FF </p><p>$54.99</p><a href="https://www.amazon.com/dp/B0D9XYD75W?tag=eloabder-20&linkCode=osi&th=1&psc=1">View Product</a></div><div class="product"><a href="https://www.amazon.com/dp/B0989HLF81?tag=eloabder-20&linkCode=osi&th=1&psc=1"><img src="https://m.media-amazon.com/images/I/51vzgnkbcjL._SL500_.jpg" alt="Product Image"></a><p>DEVAISE 3 Drawer Mobile File Cabinet, Wood Lateral Filing Cabinet, Printer Stand with Open Shelves for Home Office, Rustic Brown</p><p> -21% 0FF </p><p>$74.99</p><a href="https://www.amazon.com/dp/B0989HLF81?tag=eloabder-20&linkCode=osi&th=1&psc=1">View Product</a></div>
<div class="product"><a href="https://www.amazon.com/dp/B00006RSQD?tag=eloabder-20&linkCode=osi&th=1&psc=1"><img src="https://m.media-amazon.com/images/I/315rez3KpeL._SL500_.jpg" alt="Product Image"></a><p>Bush Business Furniture Series C 36W Tall 5 Shelf Bookcase in Hansen Cherry, Large Storage and Display Bookshelf for Home or Professional Office</p><p> -8% 0FF </p><p>$239.49</p><a href="https://www.amazon.com/dp/B00006RSQD?tag=eloabder-20&linkCode=osi&th=1&psc=1">View Product</a></div>
<div class="product"><a href="https://www.amazon.com/dp/B09F6JPYSY?tag=eloabder-20&linkCode=osi&th=1&psc=1"><img src="https://m.media-amazon.com/images/I/51fGLH7lhHL._SL500_.jpg" alt="Product Image"></a><p>SPACELEAD Slim Storage Cart 3 Tier,Bathroom Organizer Rolling Utility,Mobile Shelving Unit Slide Out for Office, Kitchen, Laundry Room & Narrow Places,Black</p><p> -30% 0FF </p><p>$20.99</p><a href="https://www.amazon.com/dp/B09F6JPYSY?tag=eloabder-20&linkCode=osi&th=1&psc=1">View Product</a></div><div class="product"><a href="https://www.amazon.com/dp/B08KFTVGQY?tag=eloabder-20&linkCode=osi&th=1&psc=1"><img src="https://m.media-amazon.com/images/I/51BjUEmGaiL._SL500_.jpg" alt="Product Image"></a><p>SONGMICS Cube Storage Organizer, Set of 16 Plastic Cubes, Closet Organizers and Storage, Room Organization, Bedroom Living Room, 12.2 x 48.4 x 48.4 Inches, Rustic Brown ULPC442A01</p><p> -15% 0FF </p><p>$46.99</p><a href="https://www.amazon.com/dp/B08KFTVGQY?tag=eloabder-20&linkCode=osi&th=1&psc=1">View Product</a></div><div class="product"><a href="https://www.amazon.com/dp/B0DG359YX5?tag=eloabder-20&linkCode=osi&th=1&psc=1"><img src="https://m.media-amazon.com/images/I/41OBXL4HJdL._SL500_.jpg" alt="Product Image"></a><p>VIVO Clamp-on 13 inch Above or Below Desk 2-Tier Shelving Unit for Table Accessories, Gaming Devices, and More, Storage Tray, Desktop Organizer, Rustic Vintage Brown, STAND-SHELF2C-N</p><p> -20% 0FF </p><p>$39.99</p><a href="https://www.amazon.com/dp/B0DG359YX5?tag=eloabder-20&linkCode=osi&th=1&psc=1">View Product</a></div><div class="product"><a href="https://www.amazon.com/dp/B0D7S5GGP6?tag=eloabder-20&linkCode=osi&th=1&psc=1"><img src="https://m.media-amazon.com/images/I/51EriWG2BLL._SL500_.jpg" alt="Product Image"></a><p>C&AHOME Wire Cube Storage, 9 - Cube Organizer Metal C Grids, Modular Shelves Units, Closet Organizer, Ideal for Home, Office, Living Room, 36.6”L x 12.4”W x 48.4”H, Silver Gray UWCS3009G</p><p> -33% 0FF </p><p>$28.87</p><a href="https://www.amazon.com/dp/B0D7S5GGP6?tag=eloabder-20&linkCode=osi&th=1&psc=1">View Product</a></div>
<div class="product"><a href="https://www.amazon.com/dp/B0B1M6ML2J?tag=eloabder-20&linkCode=osi&th=1&psc=1"><img src="https://m.media-amazon.com/images/I/51pX2Qo38JL._SL500_.jpg" alt="Product Image"></a><p>WOWBOX 25 PCS Clear Plastic Drawer Organizer Set, 4 Sizes Desk Drawer Divider Organizers and Storage Bins for Makeup, Jewelry, Gadgets for Kitchen, Bedroom, Bathroom, Office</p><p> -35% 0FF </p><p>$16.13 ($0.65 / Count)</p><a href="https://www.amazon.com/dp/B0B1M6ML2J?tag=eloabder-20&linkCode=osi&th=1&psc=1">View Product</a></div><div class="product"><a href="https://www.amazon.com/dp/B0DB8F7GDN?tag=eloabder-20&linkCode=osi&th=1&psc=1"><img src="https://m.media-amazon.com/images/I/51iOtKHzvCL._SL500_.jpg" alt="Product Image"></a><p>OPNICE Desk Organizer and Accessories, 2-Tier Computer Monitor Stand Riser with Drawer and 2 Pen Holders, Laptop Stand, Office Desk Accessories for Office Supplies, Black</p><p> -27% 0FF </p><p>$21.99</p><a href="https://www.amazon.com/dp/B0DB8F7GDN?tag=eloabder-20&linkCode=osi&th=1&psc=1">View Product</a></div><div class="product"><a href="https://www.amazon.com/dp/B0FQ86P4M3?tag=eloabder-20&linkCode=osi&th=1&psc=1"><img src="https://m.media-amazon.com/images/I/41ZDdyGnPxL._SL500_.jpg" alt="Product Image"></a><p>Mind Reader 2-Tier Desk Organizer with Clamp, Accessory Shelf for Office or Gaming, Office, Metal, White</p><p> -5% 0FF </p><p>$37.99</p><a href="https://www.amazon.com/dp/B0FQ86P4M3?tag=eloabder-20&linkCode=osi&th=1&psc=1">View Product</a></div><div class="product"><a href="https://www.amazon.com/dp/B0BYDGF8DT?tag=eloabder-20&linkCode=osi&th=1&psc=1"><img src="https://m.media-amazon.com/images/I/51sE2GzgVNL._SL500_.jpg" alt="Product Image"></a><p>OPNICE Desk Organizer and Accessories, 4-Tier Desktop File Organizer with Drawer and 2 Pen Holders, Office Desk Accessories, Workspace Organizers for Office Supplies(Black)</p><p> -33% 0FF </p><p>$19.99</p><a href="https://www.amazon.com/dp/B0BYDGF8DT?tag=eloabder-20&linkCode=osi&th=1&psc=1">View Product</a></div><div class="product"><a href="https://www.amazon.com/dp/B0DJKSMV2T?tag=eloabder-20&linkCode=osi&th=1&psc=1"><img src="https://m.media-amazon.com/images/I/41gO3CCIg1L._SL500_.jpg" alt="Product Image"></a><p>gianotter Dual Monitor Stand Riser, Desk Organizer With Drawer and 2 Pen Holders, Computer Monitor Stand, Shelf for Top of Desk, Black</p><p> -28% 0FF </p><p>$25.99</p><a href="https://www.amazon.com/dp/B0DJKSMV2T?tag=eloabder-20&linkCode=osi&th=1&psc=1">View Product</a></div><div class="product"><a href="https://www.amazon.com/dp/B0BWTT3WK1?tag=eloabder-20&linkCode=osi&th=1&psc=1"><img src="https://m.media-amazon.com/images/I/51JTe2SjicL._SL500_.jpg" alt="Product Image"></a><p>gianotter Desk Organizers and Accessories with File Holder, 4-Tier Desk Accessories & Workspace Organizers with Drawer and 2 Pen Holder, Paper Organizer for Office Supplies (Rose Gold)</p><p> -27% 0FF </p><p>$23.99</p><a href="https://www.amazon.com/dp/B0BWTT3WK1?tag=eloabder-20&linkCode=osi&th=1&psc=1">View Product</a></div><div class="product"><a href="https://www.amazon.com/dp/B09QKDY1YY?tag=eloabder-20&linkCode=osi&th=1&psc=1"><img src="https://m.media-amazon.com/images/I/519UVM73B6L._SL500_.jpg" alt="Product Image"></a><p>Supeasy 5 Trays Paper Organizer Letter Tray with Handle-Mesh Desk File Organizer, Paper Sorter Desk Organizer for Office, Home or School</p><p> -17% 0FF </p><p>$19.99</p><a href="https://www.amazon.com/dp/B09QKDY1YY?tag=eloabder-20&linkCode=osi&th=1&psc=1">View Product</a></div><div class="product"><a href="https://www.amazon.com/dp/B08PBFKGJG?tag=eloabder-20&linkCode=osi&th=1&psc=1"><img src="https://m.media-amazon.com/images/I/61WfW0WLsqL._SL500_.jpg" alt="Product Image"></a><p>Marbrasse 6 Tier Paper Organizer Letter Tray - Mesh Desk File Organizer with Handle, Paper Sorter Organizer for Letter/A4 Office File Folder Holder - Black</p><p> -23% 0FF </p><p>$19.98</p><a href="https://www.amazon.com/dp/B08PBFKGJG?tag=eloabder-20&linkCode=osi&th=1&psc=1">View Product</a></div><div class="product"><a href="https://www.amazon.com/dp/B09K5927B5?tag=eloabder-20&linkCode=osi&th=1&psc=1"><img src="https://m.media-amazon.com/images/I/51u5tZ4jR6L._SL500_.jpg" alt="Product Image"></a><p>Marbrasse Desk Organizer with File Holder, 5-Tier Paper Letter Tray Organizer with Drawer and 2 Pen Holder, Mesh Desktop Organizer and Storage with Magazine Holder for Office Supplies(Black)</p><p> -24% 0FF </p><p>$33.99</p><a href="https://www.amazon.com/dp/B09K5927B5?tag=eloabder-20&linkCode=osi&th=1&psc=1">View Product</a></div>
<div class="product"><a href="https://www.amazon.com/dp/B0CNXF7SVS?tag=eloabder-20&linkCode=osi&th=1&psc=1"><img src="https://m.media-amazon.com/images/I/51a6EswyTZL._SL500_.jpg" alt="Product Image"></a><p>Manalete Drawer Organizers Set of 15, 4 Sizes Clear Plastic Drawer Organizers and Storage Bins for Kitchen, Bathroom, Office, Dresser Desk Drawer Organizer Tray for Jewelry, Makeup, Junk, Gadgets</p><p> -29% 0FF </p><p>$9.99</p><a href="https://www.amazon.com/dp/B0CNXF7SVS?tag=eloabder-20&linkCode=osi&th=1&psc=1">View Product</a></div><div class="product"><a href="https://www.amazon.com/dp/B0CCY5X6SS?tag=eloabder-20&linkCode=osi&th=1&psc=1"><img src="https://m.media-amazon.com/images/I/41Iye-vPXJL._SL500_.jpg" alt="Product Image"></a><p>Bamboo Drawer Organizer Set, 5 PCS Multi-Use Individual Wood Storage Organizers, Junk Drawer Divider and Storage Trays Containers for Kitchen, Bathroom, Office Desk, Makeup, Jewelry, Utensils</p><p> -20% 0FF </p><p>$19.99 ($4.00 / Count)</p><a href="https://www.amazon.com/dp/B0CCY5X6SS?tag=eloabder-20&linkCode=osi&th=1&psc=1">View Product</a></div><div class="product"><a href="https://www.amazon.com/dp/B0CCDJQ7MM?tag=eloabder-20&linkCode=osi&th=1&psc=1"><img src="https://m.media-amazon.com/images/I/51kU0WJxdsL._SL500_.jpg" alt="Product Image"></a><p>Marbrasse Expandable Desk Drawer Organizer, Mesh Drawer Organizer Tray with 10 Adjustable Compartments, Desk Organizers and Accessories, 5 Dividers Drawer for Office Supplies, Makeup & Vanity (Black)</p><p> -15% 0FF </p><p>$17.84</p><a href="https://www.amazon.com/dp/B0CCDJQ7MM?tag=eloabder-20&linkCode=osi&th=1&psc=1">View Product</a></div><div class="product"><a href="https://www.amazon.com/dp/B0DM27MBZN?tag=eloabder-20&linkCode=osi&th=1&psc=1"><img src="https://m.media-amazon.com/images/I/41hAfSMnrZL._SL500_.jpg" alt="Product Image"></a><p>ElegantArray 12 PCS Drawer Organizer Set, 4 Sizes Storage Drawer Units, Clear Plastic Makeup Vanity Organizer and Storage Bins for Makeup, Stationeries, Multiple Gadgets for Bathroom, Office, Bedroom</p><p> -31% 0FF </p><p>$8.99</p><a href="https://www.amazon.com/dp/B0DM27MBZN?tag=eloabder-20&linkCode=osi&th=1&psc=1">View Product</a></div>
<div class="product"><a href="https://www.amazon.com/dp/B0C4T42TPC?tag=eloabder-20&linkCode=osi&th=1&psc=1"><img src="https://m.media-amazon.com/images/I/318IsyAsPXL._SL500_.jpg" alt="Product Image"></a><p>Adjustable Mobile CPU Stand, Ventilated Computer Tower Stand with 4 Caster Wheels Fits Most PC Tower, Under Desk CPU Holder PC Floor Cart Computer Riser for Gamers and Students (Black)</p><p> -21% 0FF </p><p>$14.21</p><a href="https://www.amazon.com/dp/B0C4T42TPC?tag=eloabder-20&linkCode=osi&th=1&psc=1">View Product</a></div><div class="product"><a href="https://www.amazon.com/dp/B094QTGHNZ?tag=eloabder-20&linkCode=osi&th=1&psc=1"><img src="https://m.media-amazon.com/images/I/31VzBQ+jwWL._SL500_.jpg" alt="Product Image"></a><p>WALI Computer Monitor Stand for Desk, Adjustable Laptop Riser, Desk Monitor Stand Underneath Storage for Office, Home, School Supplies (STT003), 1 Pack, Black</p><p> -32% 0FF </p><p>$16.99</p><a href="https://www.amazon.com/dp/B094QTGHNZ?tag=eloabder-20&linkCode=osi&th=1&psc=1">View Product</a></div><div class="product"><a href="https://www.amazon.com/dp/B07H4DMLVH?tag=eloabder-20&linkCode=osi&th=1&psc=1"><img src="https://m.media-amazon.com/images/I/31eTfKhpSWL._SL500_.jpg" alt="Product Image"></a><p>HUANUO Monitor Stand, Monitor Stand Riser 3 Height Adjustable, Monitor Riser with Airflow Vents, Laptop Stand for Desk, Laptop Riser, Desk Organizer for Monitor, 15.6" Laptop, PC, Printer</p><p> -11% 0FF </p><p>$15.19</p><a href="https://www.amazon.com/dp/B07H4DMLVH?tag=eloabder-20&linkCode=osi&th=1&psc=1">View Product</a></div><div class="product"><a href="https://www.amazon.com/dp/B0D69W6H91?tag=eloabder-20&linkCode=osi&th=1&psc=1"><img src="https://m.media-amazon.com/images/I/51rQI+gi3lL._SL500_.jpg" alt="Product Image"></a><p>JANE EYRE Computer Tower Stand - Adjustable PC Tower Stand CPU Holder Cart with Charging Station for Office Home Classroom,23.03"-28.3" H, black</p><p> -10% 0FF </p><p>$53.99</p><a href="https://www.amazon.com/dp/B0D69W6H91?tag=eloabder-20&linkCode=osi&th=1&psc=1">View Product</a></div><div class="product"><a href="https://www.amazon.com/dp/B0C4T34L9Y?tag=eloabder-20&linkCode=osi&th=1&psc=1"><img src="https://m.media-amazon.com/images/I/51BNMGXNOEL._SL500_.jpg" alt="Product Image"></a><p>BONTEC Wooden Monitor Stand Riser, 2-Tier Desk Shelf with Storage Organizer, Ergonomic Computer Stand with Cable Management, Cellphone Holder, White, 16.5 Inch</p><p> -33% 0FF </p><p>$18.04</p><a href="https://www.amazon.com/dp/B0C4T34L9Y?tag=eloabder-20&linkCode=osi&th=1&psc=1">View Product</a></div><div class="product"><a href="https://www.amazon.com/dp/B08BRCT4JH?tag=eloabder-20&linkCode=osi&th=1&psc=1"><img src="https://m.media-amazon.com/images/I/41Ga6A+cXbL._SL500_.jpg" alt="Product Image"></a><p>BESIGN LS03 Aluminum Laptop Stand, Ergonomic Detachable Computer Stand, Notebook Riser Compatible with Air, Pro, Dell, HP, Lenovo More 10-15.6" Laptops, Silver</p><p> -25% 0FF </p><p>$14.98</p><a href="https://www.amazon.com/dp/B08BRCT4JH?tag=eloabder-20&linkCode=osi&th=1&psc=1">View Product</a></div>
<div class="product"><a href="https://www.amazon.com/dp/B07Q79ZZJ6?tag=eloabder-20&linkCode=osi&th=1&psc=1"><img src="https://m.media-amazon.com/images/I/31-LBzENQIL._SL500_.jpg" alt="Product Image"></a><p>Single LCD Computer Monitor Free-Standing Desk Stand Mount Riser for 13 inch to 32 inch screen with Swivel, Height Adjustable, Rotation, Vesa Base Stand Holds One (1) Screen up to 77Lbs(HT05B-001))</p><p> -34% 0FF </p><p>$21.99</p><a href="https://www.amazon.com/dp/B07Q79ZZJ6?tag=eloabder-20&linkCode=osi&th=1&psc=1">View Product</a></div><div class="product"><a href="https://www.amazon.com/dp/B082845XM8?tag=eloabder-20&linkCode=osi&th=1&psc=1"><img src="https://m.media-amazon.com/images/I/41uRH1B7HgL._SL500_.jpg" alt="Product Image"></a><p>Dual Monitor Stand - Vertical Stack Screen Free-Standing Monitor Riser Fits Two 13 to 34 Inch Screen with Swivel, Tilt, Height Adjustable, Holds One (1) Screen Up to 44Lbs</p><p> -5% 0FF </p><p>$31.56</p><a href="https://www.amazon.com/dp/B082845XM8?tag=eloabder-20&linkCode=osi&th=1&psc=1">View Product</a></div><div class="product"><a href="https://www.amazon.com/dp/B00X4SCCFG?tag=eloabder-20&linkCode=osi&th=1&psc=1"><img src="https://m.media-amazon.com/images/I/21X2klzUZGL._SL500_.jpg" alt="Product Image"></a><p>Amazon Basics Height Adjustable Rectangular Computer Monitor Riser Desk Stand with Storage for Reduced Neck Strain - Fits Monitors, Laptops Up to 22lbs, Black</p><p> -35% 0FF </p><p>$14.06</p><a href="https://www.amazon.com/dp/B00X4SCCFG?tag=eloabder-20&linkCode=osi&th=1&psc=1">View Product</a></div>
<div class="product"><a href="https://www.amazon.com/dp/B07HFDJCSL?tag=eloabder-20&linkCode=osi&th=1&psc=1"><img src="https://m.media-amazon.com/images/I/41DR7qY1naL._SL500_.jpg" alt="Product Image"></a><p>VIVO Large Keyboard Tray Under Desk Pull Out with Extra Sturdy C Clamp Mount System, 27 (33 Including Clamps) x 11 Inch Slide-Out Platform Computer Drawer for Typing, Black, MOUNT-KB05E</p><p> -17% 0FF </p><p>$49.99</p><a href="https://www.amazon.com/dp/B07HFDJCSL?tag=eloabder-20&linkCode=osi&th=1&psc=1">View Product</a></div><div class="product"><a href="https://www.amazon.com/dp/B082NKBM62?tag=eloabder-20&linkCode=osi&th=1&psc=1"><img src="https://m.media-amazon.com/images/I/41qQ3p9-mrL._SL500_.jpg" alt="Product Image"></a><p>HUANUO Keyboard Tray Under Desk, 360 Adjustable Ergonomic Sliding Keyboard & Mouse Tray, Under Desk Keyboard Tray Slide Out, Keyboard Holder Under Desk for Typing in Home, Office Work, 25"W x 9.84"D</p><p> -33% 0FF </p><p>$59.98</p><a href="https://www.amazon.com/dp/B082NKBM62?tag=eloabder-20&linkCode=osi&th=1&psc=1">View Product</a></div><div class="product"><a href="https://www.amazon.com/dp/B0F23GTKHL?tag=eloabder-20&linkCode=osi&th=1&psc=1"><img src="https://m.media-amazon.com/images/I/41dmHoeznDL._SL500_.jpg" alt="Product Image"></a><p>Zontera Ergonomic Mouse & Keyboard Tray Under Desk, Pull Out with Adjustable C-clamp, 20 (25.9 Including Clamps) x 11.8 Inch Slide Out Computer Keyboard Drawer Mouse Tray for Typing, Black</p><p> -7% 0FF </p><p>$25.99</p><a href="https://www.amazon.com/dp/B0F23GTKHL?tag=eloabder-20&linkCode=osi&th=1&psc=1">View Product</a></div><div class="product"><a href="https://www.amazon.com/dp/B01IIGMBVI?tag=eloabder-20&linkCode=osi&th=1&psc=1"><img src="https://m.media-amazon.com/images/I/21Vw8003F0L._SL500_.jpg" alt="Product Image"></a><p>Alera ALE Valencia Series Underdesk Keyboard/Mouse Shelf, 28w x 12d, Black</p><p> -50% 0FF </p><p>$29.22</p><a href="https://www.amazon.com/dp/B01IIGMBVI?tag=eloabder-20&linkCode=osi&th=1&psc=1">View Product</a></div>
<div class="product"><a href="https://www.amazon.com/dp/B07C3XZMC6?tag=eloabder-20&linkCode=osi&th=1&psc=1"><img src="https://m.media-amazon.com/images/I/31Eojf7glwL._SL500_.jpg" alt="Product Image"></a><p>JIKIOU 3 Pack Mouse Pad with Stitched Edge, Comfortable Mouse Pads with Non-Slip Rubber Base, Washable Mousepads Bulk with Comfortable Cloth, Mouse Pads for Computers Laptop Mouse 10.2x8.3inch Black</p><p> -29% 0FF </p><p>$7.99</p><a href="https://www.amazon.com/dp/B07C3XZMC6?tag=eloabder-20&linkCode=osi&th=1&psc=1">View Product</a></div><div class="product"><a href="https://www.amazon.com/dp/B085XRMSTT?tag=eloabder-20&linkCode=osi&th=1&psc=1"><img src="https://m.media-amazon.com/images/I/31aDSI0sFoL._SL500_.jpg" alt="Product Image"></a><p>EooCoo Ergonomic Mouse Pad with Wrist Support, Mousepad with Memory Foam Wrist Rest and Non-Slip Base for Computer, Cafe, Home & Office, 9.64 x 8.26 in Office Desk Accessories</p><p> -36% 0FF </p><p>$6.99</p><a href="https://www.amazon.com/dp/B085XRMSTT?tag=eloabder-20&linkCode=osi&th=1&psc=1">View Product</a></div>
<div class="product"><a href="https://www.amazon.com/dp/B0BRCJL4MM?tag=eloabder-20&linkCode=osi&th=1&psc=1"><img src="https://m.media-amazon.com/images/I/41sggzaNbPL._SL500_.jpg" alt="Product Image"></a><p>Led Desk Lamp for Office Home - Eye Caring Architect lamp with Clamp,Dual Screen Computer Monitor Gooseneck Smart Light: 24W 5 Color Flexible Adjustable Lighting Table Lamp for Study Drafting</p><p> -13% 0FF </p><p>$69.99</p><a href="https://www.amazon.com/dp/B0BRCJL4MM?tag=eloabder-20&linkCode=osi&th=1&psc=1">View Product</a></div><div class="product"><a href="https://www.amazon.com/dp/B0BNHNG5CY?tag=eloabder-20&linkCode=osi&th=1&psc=1"><img src="https://m.media-amazon.com/images/I/51ccmdZe2YL._SL500_.jpg" alt="Product Image"></a><p>Micomlan Led Desk Lamp with Clamp, Architect Desk Lamp for Home Office with Atmosphere Lighting, 24W Ultra Bright Auto Dimming Computer Light Stepless Dimming and Tempering LED Table Light</p><p> -27% 0FF </p><p>$49.99</p><a href="https://www.amazon.com/dp/B0BNHNG5CY?tag=eloabder-20&linkCode=osi&th=1&psc=1">View Product</a></div><div class="product"><a href="https://www.amazon.com/dp/B078W61H9P?tag=eloabder-20&linkCode=osi&th=1&psc=1"><img src="https://m.media-amazon.com/images/I/31aebwb3nqL._SL500_.jpg" alt="Product Image"></a><p>LEPOWER Metal Desk Lamp, Eye-Caring Table Lamp, Study Lamps with Flexible Goose Neck for Bedroom, Home Office (Matte Black)</p><p> -24% 0FF </p><p>$24.99</p><a href="https://www.amazon.com/dp/B078W61H9P?tag=eloabder-20&linkCode=osi&th=1&psc=1">View Product</a></div><div class="product"><a href="https://www.amazon.com/dp/B0D1DLY4H4?tag=eloabder-20&linkCode=osi&th=1&psc=1"><img src="https://m.media-amazon.com/images/I/41sKiuSIwRL._SL500_.jpg" alt="Product Image"></a><p>SKYLEO Led Desk Lamp - Desk Light for 31.5" Tall - 5 Color Modes X 11 Brightness Levels - Adjustable Swing Arm - Timmer & Memory Function - 12W Lamp for Desk - Black</p><p> -23% 0FF </p><p>$19.99</p><a href="https://www.amazon.com/dp/B0D1DLY4H4?tag=eloabder-20&linkCode=osi&th=1&psc=1">View Product</a></div><div class="product"><a href="https://www.amazon.com/dp/B0D2LGK82V?tag=eloabder-20&linkCode=osi&th=1&psc=1"><img src="https://m.media-amazon.com/images/I/41UpQ-qygDL._SL500_.jpg" alt="Product Image"></a><p>Addtam LED Desk Lamp, Power Strip with 3 Outlets 4 USB Charging Ports(2 USBC), 4 Modes 5 Level Brightness Touch Lamp, Small Desk Lamp for Home Office College Dorm Room Essentials</p><p> -23% 0FF </p><p>$16.99</p><a href="https://www.amazon.com/dp/B0D2LGK82V?tag=eloabder-20&linkCode=osi&th=1&psc=1">View Product</a></div><div class="product"><a href="https://www.amazon.com/dp/B08LMTQ7ZF?tag=eloabder-20&linkCode=osi&th=1&psc=1"><img src="https://m.media-amazon.com/images/I/21vKPX2KHML._SL500_.jpg" alt="Product Image"></a><p>Lepro LED Desk Lamp for Home Office, 9.5W 750LM Metal Touch Control Desk Light, 5 Color Modes 5 Brightness Level, Eye Caring Task Lamp For Reading, Sewing, Crafts, School Supplies, Puzzle Light, Black</p><p> -13% 0FF </p><p>$24.99</p><a href="https://www.amazon.com/dp/B08LMTQ7ZF?tag=eloabder-20&linkCode=osi&th=1&psc=1">View Product</a></div>
<div class="product"><a href="https://www.amazon.com/dp/B0D7BXNDP4?tag=eloabder-20&linkCode=osi&th=1&psc=1"><img src="https://m.media-amazon.com/images/I/41DuEunZ1+L._SL500_.jpg" alt="Product Image"></a><p>Monitor Fan with Clamp & Light Bar Desk Lamp with fan for Office mini Desk fan small quiet with lamp for PC Laptops Tablet for Home Office Portable Working Reading Stand Lamp</p><p> -5% 0FF </p><p>$15.19</p><a href="https://www.amazon.com/dp/B0D7BXNDP4?tag=eloabder-20&linkCode=osi&th=1&psc=1">View Product</a></div><div class="product"><a href="https://www.amazon.com/dp/B07K1D41DC?tag=eloabder-20&linkCode=osi&th=1&psc=1"><img src="https://m.media-amazon.com/images/I/310MAouNV-L._SL500_.jpg" alt="Product Image"></a><p>OttLite Cool Breeze LED Lamp with Bladeless Fan - 3 Speed Options & 5 Brightness Settings with Energy Efficient Natural Daylight LEDs - Desktop, Table or Nightstand Lamp for Studying or Reading</p><p> -14% 0FF </p><p>$89.98</p><a href="https://www.amazon.com/dp/B07K1D41DC?tag=eloabder-20&linkCode=osi&th=1&psc=1">View Product</a></div>
<div class="product"><a href="https://www.amazon.com/dp/B0CXSXL1F2?tag=eloabder-20&linkCode=osi&th=1&psc=1"><img src="https://m.media-amazon.com/images/I/41H6cndt7iL._SL500_.jpg" alt="Product Image"></a><p>9 Pack Lined Sticky Notes 4x6 in Post Sticky Notes with Lines, 9 Bright Colors Self Sticky Notes Pad Its, Large Ruled Sticky Note for Office, Home, 35 Sheets/Pad</p><p> -33% 0FF </p><p>$7.99</p><a href="https://www.amazon.com/dp/B0CXSXL1F2?tag=eloabder-20&linkCode=osi&th=1&psc=1">View Product</a></div><div class="product"><a href="https://www.amazon.com/dp/B019QROV9S?tag=eloabder-20&linkCode=osi&th=1&psc=1"><img src="https://m.media-amazon.com/images/I/51OsStyntzL._SL500_.jpg" alt="Product Image"></a><p>Sharpie Clear View Highlighter Sticks, Chisel Tip, Assorted Fluorescent, 8 Count - School, Home, and Office Use, Teacher Supplies</p><p> -23% 0FF </p><p>$13.86</p><a href="https://www.amazon.com/dp/B019QROV9S?tag=eloabder-20&linkCode=osi&th=1&psc=1">View Product</a></div>
<div class="product"><a href="https://www.amazon.com/dp/B082PN4X5J?tag=eloabder-20&linkCode=osi&th=1&psc=1"><img src="https://m.media-amazon.com/images/I/51o+eA8g6nL._SL500_.jpg" alt="Product Image"></a><p>Sharpie S-Gel Gel Pens, Black Barrel, Medium Point (0.7mm), Black Gel Ink Pens, 12 Count - Home, Office, School, Journaling, Writing, Note-Taking, Teacher Supplies</p><p> -14% 0FF </p><p>$11.97</p><a href="https://www.amazon.com/dp/B082PN4X5J?tag=eloabder-20&linkCode=osi&th=1&psc=1">View Product</a></div><div class="product"><a href="https://www.amazon.com/dp/B0C9W8DD9S?tag=eloabder-20&linkCode=osi&th=1&psc=1"><img src="https://m.media-amazon.com/images/I/41mdSvEwNZL._SL500_.jpg" alt="Product Image"></a><p>Ddaowanx Gel Pens, 6 Pcs 0.5mm Quick Dry Black Ink Pens Fine Point Smooth Writing Pens, Cute Office School Supplies Gifts for Women</p><p> -10% 0FF </p><p>$8.99</p><a href="https://www.amazon.com/dp/B0C9W8DD9S?tag=eloabder-20&linkCode=osi&th=1&psc=1">View Product</a></div><div class="product"><a href="https://www.amazon.com/dp/B019QBOG3U?tag=eloabder-20&linkCode=osi&th=1&psc=1"><img src="https://m.media-amazon.com/images/I/416PjSebDoL._SL500_.jpg" alt="Product Image"></a><p>Paper Mate Colorful Gel Pens - InkJoy Gel Pens Assorted Medium Point (0.7). Perfect for Vibrant Colored Writing and Sketching with Paper Mate InkJoy 14 Count</p><p> -18% 0FF </p><p>$10.31</p><a href="https://www.amazon.com/dp/B019QBOG3U?tag=eloabder-20&linkCode=osi&th=1&psc=1">View Product</a></div><div class="product"><a href="https://www.amazon.com/dp/B0C73JDN4S?tag=eloabder-20&linkCode=osi&th=1&psc=1"><img src="https://m.media-amazon.com/images/I/51DJUUxL7HL._SL500_.jpg" alt="Product Image"></a><p>Linbsunne Ballpoint Pens Black Medium Point 1mm Pen with Super Soft Grip Ball Point Pen for Men Women Retractable Pens (gold-12 pcs)</p><p> -10% 0FF </p><p>$8.99</p><a href="https://www.amazon.com/dp/B0C73JDN4S?tag=eloabder-20&linkCode=osi&th=1&psc=1">View Product</a></div><div class="product"><a href="https://www.amazon.com/dp/B001OTA66O?tag=eloabder-20&linkCode=osi&th=1&psc=1"><img src="https://m.media-amazon.com/images/I/41yS5tBZQLL._SL500_.jpg" alt="Product Image"></a><p>BIC Glide Black Retractable Ballpoint Pens, Medium Point (1.0mm), 4-Count Pack, Ultra Smooth Writing Black Pens</p><p> -40% 0FF </p><p>$2.99</p><a href="https://www.amazon.com/dp/B001OTA66O?tag=eloabder-20&linkCode=osi&th=1&psc=1">View Product</a></div>
<div class="product"><a href="https://www.amazon.com/dp/B002HVXXCW?tag=eloabder-20&linkCode=osi&th=1&psc=1"><img src="https://m.media-amazon.com/images/I/41JeEedXCeL._SL500_.jpg" alt="Product Image"></a><p>Ticonderoga Wood-Cased Pencils, Pre-Sharpened, 2 HB Soft, Yellow, 10 Count</p><p> -58% 0FF </p><p>$2.49</p><a href="https://www.amazon.com/dp/B002HVXXCW?tag=eloabder-20&linkCode=osi&th=1&psc=1">View Product</a></div><div class="product"><a href="https://www.amazon.com/dp/B077Q4B6YN?tag=eloabder-20&linkCode=osi&th=1&psc=1"><img src="https://m.media-amazon.com/images/I/4160YcHGDNL._SL500_.jpg" alt="Product Image"></a><p>Paper Mate 2017483 Mechanical Pencils for Handwriting, Triangular, 5/PK, AST</p><p> -45% 0FF </p><p>$3.47</p><a href="https://www.amazon.com/dp/B077Q4B6YN?tag=eloabder-20&linkCode=osi&th=1&psc=1">View Product</a></div>
<div class="product"><a href="https://www.amazon.com/dp/B0D7YTZNRF?tag=eloabder-20&linkCode=osi&th=1&psc=1"><img src="https://m.media-amazon.com/images/I/41hSbSlNAmL._SL500_.jpg" alt="Product Image"></a><p>YASNAY Alcohol Markers, 48 Colors Dual Tip Art Marker, Drawing Markers, Coloring Marker for Kids Sketching Adult Coloring</p><p> -27% 0FF </p><p>$10.99</p><a href="https://www.amazon.com/dp/B0D7YTZNRF?tag=eloabder-20&linkCode=osi&th=1&psc=1">View Product</a></div><div class="product"><a href="https://www.amazon.com/dp/B07CJ8QXF8?tag=eloabder-20&linkCode=osi&th=1&psc=1"><img src="https://m.media-amazon.com/images/I/51bChi4-H4L._SL500_.jpg" alt="Product Image"></a><p>Dual Markers Brush Pens, 36 Fine Point Art Marker, Double Tip Colored Pen for Adult Coloring Hand Lettering, School Classroom Art Suppliers</p><p> -20% 0FF </p><p>$7.98</p><a href="https://www.amazon.com/dp/B07CJ8QXF8?tag=eloabder-20&linkCode=osi&th=1&psc=1">View Product</a></div><div class="product"><a href="https://www.amazon.com/dp/B071CP6X88?tag=eloabder-20&linkCode=osi&th=1&psc=1"><img src="https://m.media-amazon.com/images/I/41sNeEYkTNL._SL500_.jpg" alt="Product Image"></a><p>Crayola Super Tips Marker Set for Kids (100ct), Broad Tip & Fine Point Washable Art Markers for Kids, Bulk School Supplies, Teacher Classroom Must Haves, Drawing Supplies</p><p> -19% 0FF </p><p>$16.29</p><a href="https://www.amazon.com/dp/B071CP6X88?tag=eloabder-20&linkCode=osi&th=1&psc=1">View Product</a></div><div class="product"><a href="https://www.amazon.com/dp/B08MBFPFCQ?tag=eloabder-20&linkCode=osi&th=1&psc=1"><img src="https://m.media-amazon.com/images/I/51DaGL7Z4oL._SL500_.jpg" alt="Product Image"></a><p>Sharpie Permanent Markers Variety Pack, Includes Chisel, Fine, and Ultra-Fine Tips, Marker Set, Writing, Coloring, Poster, Office, School Supplies, Black, 6 Count</p><p> -19% 0FF </p><p>$4.63 ($0.77 / Count)</p><a href="https://www.amazon.com/dp/B08MBFPFCQ?tag=eloabder-20&linkCode=osi&th=1&psc=1">View Product</a></div>
<div class="product"><a href="https://www.amazon.com/dp/B09Y2KJ2KX?tag=eloabder-20&linkCode=osi&th=1&psc=1"><img src="https://m.media-amazon.com/images/I/41EhQr7suML._SL500_.jpg" alt="Product Image"></a><p>Sharpie Pocket Highlighters, Mild Pastel Colors, Assorted, Chisel Tip, 12 Count - School, Home, and Office Use, Teacher Supplies</p><p> -22% 0FF </p><p>$7.76 ($0.65 / Count)</p><a href="https://www.amazon.com/dp/B09Y2KJ2KX?tag=eloabder-20&linkCode=osi&th=1&psc=1">View Product</a></div><div class="product"><a href="https://www.amazon.com/dp/B08698MJWT?tag=eloabder-20&linkCode=osi&th=1&psc=1"><img src="https://m.media-amazon.com/images/I/512N7aYt5oL._SL500_.jpg" alt="Product Image"></a><p>Sharpie S-Note Creative Markers, Pastel Highlighters, Art Marker Set, Assorted Colors, Chisel Tip, 24 Count - School, Home, and Office Use, Teacher Supplies</p><p> -60% 0FF </p><p>$8.83</p><a href="https://www.amazon.com/dp/B08698MJWT?tag=eloabder-20&linkCode=osi&th=1&psc=1">View Product</a></div>
<div class="product"><a href="https://www.amazon.com/dp/B097DPQPYN?tag=eloabder-20&linkCode=osi&th=1&psc=1"><img src="https://m.media-amazon.com/images/I/51nFyQPtfkL._SL500_.jpg" alt="Product Image"></a><p>Sonuimy Pencil Sharpeners, 4 Pcs Pencil Sharpeners Manual,Dual Holes Compact Colored Handheld Pencil Sharpener for Kids with Lid Adults Students School Class Home Office (Covered)</p><p> -13% 0FF </p><p>$4.49</p><a href="https://www.amazon.com/dp/B097DPQPYN?tag=eloabder-20&linkCode=osi&th=1&psc=1">View Product</a></div><div class="product"><a href="https://www.amazon.com/dp/B000MFN1G8?tag=eloabder-20&linkCode=osi&th=1&psc=1"><img src="https://m.media-amazon.com/images/I/41JPflroUEL._SL500_.jpg" alt="Product Image"></a><p>Compact Desktop Electric Pencil Sharpener, Black, Sold as 1 Each</p><p> -21% 0FF </p><p>$15.89</p><a href="https://www.amazon.com/dp/B000MFN1G8?tag=eloabder-20&linkCode=osi&th=1&psc=1">View Product</a></div><div class="product"><a href="https://www.amazon.com/dp/B00125KXGI?tag=eloabder-20&linkCode=osi&th=1&psc=1"><img src="https://m.media-amazon.com/images/I/51avY0bZv6L._SL500_.jpg" alt="Product Image"></a><p>Bostitch Office Personal Electric Pencil Sharpener, Powerful Stall-Free Motor, High Capacity Shavings Tray, Blue</p><p> -13% 0FF </p><p>$17.48</p><a href="https://www.amazon.com/dp/B00125KXGI?tag=eloabder-20&linkCode=osi&th=1&psc=1">View Product</a></div><div class="product"><a href="https://www.amazon.com/dp/B078DZY9Z5?tag=eloabder-20&linkCode=osi&th=1&psc=1"><img src="https://m.media-amazon.com/images/I/41KbUFGrXfL._SL500_.jpg" alt="Product Image"></a><p>JARLINK Electric Pencil Sharpener, Heavy-Duty Helical Blade to Fast Sharpen, Auto Stop for No.2/Colored Pencils(6-8mm), AC Adapter/Battery Operated in School Classroom/Office/Home (Black)</p><p> -21% 0FF </p><p>$16.98</p><a href="https://www.amazon.com/dp/B078DZY9Z5?tag=eloabder-20&linkCode=osi&th=1&psc=1">View Product</a></div><div class="product"><a href="https://www.amazon.com/dp/B08DLXH86D?tag=eloabder-20&linkCode=osi&th=1&psc=1"><img src="https://m.media-amazon.com/images/I/41UghsnBycL._SL500_.jpg" alt="Product Image"></a><p>Aogwat Pencil Sharpener Electric Pencil Sharpener for Kids, Blade to Fast Sharpen, Suitable for No.2/School/Classroom/Office/Home (Black)</p><p> -23% 0FF </p><p>$9.99</p><a href="https://www.amazon.com/dp/B08DLXH86D?tag=eloabder-20&linkCode=osi&th=1&psc=1">View Product</a></div><div class="product"><a href="https://www.amazon.com/dp/B000GP0VIU?tag=eloabder-20&linkCode=osi&th=1&psc=1"><img src="https://m.media-amazon.com/images/I/318OKKSwzbL._SL500_.jpg" alt="Product Image"></a><p>Bostitch Office Wall Mount Manual Pencil Sharpener, Tip Saver, 8 Hole Dial, 6X Longer Cutter Life, Vertical or Horizontal Mounting Black (MPS1-BLK)</p><p> -9% 0FF </p><p>$13.18</p><a href="https://www.amazon.com/dp/B000GP0VIU?tag=eloabder-20&linkCode=osi&th=1&psc=1">View Product</a></div>
<div class="product"><a href="https://www.amazon.com/dp/B00094H4LU?tag=eloabder-20&linkCode=osi&th=1&psc=1"><img src="https://m.media-amazon.com/images/I/41f-fbZYU1L._SL500_.jpg" alt="Product Image"></a><p>Paper Mate Erasers | Pink Pearl Large Erasers 12 Count</p><p> -55% 0FF </p><p>$6.03</p><a href="https://www.amazon.com/dp/B00094H4LU?tag=eloabder-20&linkCode=osi&th=1&psc=1">View Product</a></div><div class="product"><a href="https://www.amazon.com/dp/B07DPVVMWB?tag=eloabder-20&linkCode=osi&th=1&psc=1"><img src="https://m.media-amazon.com/images/I/51wLlsENgiL._SL500_.jpg" alt="Product Image"></a><p>Mr. Pen Erasers for Pencils, 120 Pack, Pencil Top Erasers, Eraser Caps, Cap Tops, Topper Erasers. Ereaser</p><p> -24% 0FF </p><p>$5.95</p><a href="https://www.amazon.com/dp/B07DPVVMWB?tag=eloabder-20&linkCode=osi&th=1&psc=1">View Product</a></div><div class="product"><a href="https://www.amazon.com/dp/B07144DC8V?tag=eloabder-20&linkCode=osi&th=1&psc=1"><img src="https://m.media-amazon.com/images/I/51Ed1+HW9cL._SL500_.jpg" alt="Product Image"></a><p>Pentel Hi-Polymer Block Eraser, White, 10/Box (ZEH10PC10)</p><p> -44% 0FF </p><p>$9.99</p><a href="https://www.amazon.com/dp/B07144DC8V?tag=eloabder-20&linkCode=osi&th=1&psc=1">View Product</a></div><div class="product"><a href="https://www.amazon.com/dp/B0047CT6SE?tag=eloabder-20&linkCode=osi&th=1&psc=1"><img src="https://m.media-amazon.com/images/I/41bhWXKeeiL._SL500_.jpg" alt="Product Image"></a><p>Pentel Clic Retractable Eraser with Grip, 3 Pack</p><p> -29% 0FF </p><p>$4.77</p><a href="https://www.amazon.com/dp/B0047CT6SE?tag=eloabder-20&linkCode=osi&th=1&psc=1">View Product</a></div>
<div class="product"><a href="https://www.amazon.com/dp/B09S9X3HV7?tag=eloabder-20&linkCode=osi&th=1&psc=1"><img src="https://m.media-amazon.com/images/I/51GgMyfl5VL._SL500_.jpg" alt="Product Image"></a><p>Color Transparent Ruler Plastic Rulers - Ruler 12 inch, Kids Ruler for School, Ruler with Centimeters, Millimeter and Inches, Assorted Colors, Clear Rulers, 7 Pack School Rulers</p><p> -16% 0FF </p><p>$5.99</p><a href="https://www.amazon.com/dp/B09S9X3HV7?tag=eloabder-20&linkCode=osi&th=1&psc=1">View Product</a></div><div class="product"><a href="https://www.amazon.com/dp/B06XK9VQM4?tag=eloabder-20&linkCode=osi&th=1&psc=1"><img src="https://m.media-amazon.com/images/I/51Glln3n-nL._SL500_.jpg" alt="Product Image"></a><p>Outus 12 Pack Wood Ruler Bulk for Students Wooden School Rulers Gifts Office Classroom Measuring, 2 Scale, 12 Inch and 30 cm</p><p> -6% 0FF </p><p>$7.99</p><a href="https://www.amazon.com/dp/B06XK9VQM4?tag=eloabder-20&linkCode=osi&th=1&psc=1">View Product</a></div><div class="product"><a href="https://www.amazon.com/dp/B0B5MLTG7J?tag=eloabder-20&linkCode=osi&th=1&psc=1"><img src="https://m.media-amazon.com/images/I/51z9LUxLKmL._SL500_.jpg" alt="Product Image"></a><p>DAGONGREN 30 Pack Clear Plastic Rulers 12 Inch,Transparent Assorted Color Metric Bulk Rulers with Inches and Centimeters,Kids Ruler for School,Home,Office</p><p> -9% 0FF </p><p>$9.99</p><a href="https://www.amazon.com/dp/B0B5MLTG7J?tag=eloabder-20&linkCode=osi&th=1&psc=1">View Product</a></div><div class="product"><a href="https://www.amazon.com/dp/B096MPPF53?tag=eloabder-20&linkCode=osi&th=1&psc=1"><img src="https://m.media-amazon.com/images/I/51qUpElDRcS._SL500_.jpg" alt="Product Image"></a><p>Tenare 1 Set Plastic Clear Math Set Includes Protractor Triangle Rulers 12 Inch 6 Inch Straight Geometry Math Transparent Ruler Measuring Tool for School Office Home Supplies(Clear)</p><p> -25% 0FF </p><p>$5.98</p><a href="https://www.amazon.com/dp/B096MPPF53?tag=eloabder-20&linkCode=osi&th=1&psc=1">View Product</a></div>
<div class="product"><a href="https://www.amazon.com/dp/B07YDDX4JL?tag=eloabder-20&linkCode=osi&th=1&psc=1"><img src="https://m.media-amazon.com/images/I/41oBPZwCRLL._SL500_.jpg" alt="Product Image"></a><p>3-Pack 8" Heavy Duty Scissors with Ultra Sharp Blades and Comfort Grip Handles - For Office, Home, School, Sewing, and Crafts</p><p> -15% 0FF </p><p>$8.49 ($2.83 / Count)</p><a href="https://www.amazon.com/dp/B07YDDX4JL?tag=eloabder-20&linkCode=osi&th=1&psc=1">View Product</a></div><div class="product"><a href="https://www.amazon.com/dp/B01BRGU8R0?tag=eloabder-20&linkCode=osi&th=1&psc=1"><img src="https://m.media-amazon.com/images/I/41ANVra+eNL._SL500_.jpg" alt="Product Image"></a><p>Amazon Basics Stainless Steel Scissors for Office, Crafts, Multipurpose, Sharp, Comfort Grip, PVD Coated, 3 Pack, Multicolor</p><p> -45% 0FF </p><p>$7.55</p><a href="https://www.amazon.com/dp/B01BRGU8R0?tag=eloabder-20&linkCode=osi&th=1&psc=1">View Product</a></div><div class="product"><a href="https://www.amazon.com/dp/B000P0LNRE?tag=eloabder-20&linkCode=osi&th=1&psc=1"><img src="https://m.media-amazon.com/images/I/41fWgMTO0JL._SL500_.jpg" alt="Product Image"></a><p>Westcott 8-Inch Titanium-Bonded Scissors with Adjustable Glide Feature for Office and Home - Gray/Yellow, 2-Pack</p><p> -33% 0FF </p><p>$9.97</p><a href="https://www.amazon.com/dp/B000P0LNRE?tag=eloabder-20&linkCode=osi&th=1&psc=1">View Product</a></div>
<div class="product"><a href="https://www.amazon.com/dp/B074ZRZ4CZ?tag=eloabder-20&linkCode=osi&th=1&psc=1"><img src="https://m.media-amazon.com/images/I/41bu+HKxC2L._SL500_.jpg" alt="Product Image"></a><p>Swingline Commercial Stapler, 20 Sheet Capacity, Jam Free, Metal, 2 Pack, Black (44401AZ)</p><p> -5% 0FF </p><p>$18.98</p><a href="https://www.amazon.com/dp/B074ZRZ4CZ?tag=eloabder-20&linkCode=osi&th=1&psc=1">View Product</a></div><div class="product"><a href="https://www.amazon.com/dp/B001PME62K?tag=eloabder-20&linkCode=osi&th=1&psc=1"><img src="https://m.media-amazon.com/images/I/41gbaJu-3iL._SL500_.jpg" alt="Product Image"></a><p>Swingline Stapler, 40 Sheet Capacity, Optima 40, Jam Free, Reduced Effort, Soft Grip, Metal, Orange and Gray (87845)</p><p> -14% 0FF </p><p>$24.19</p><a href="https://www.amazon.com/dp/B001PME62K?tag=eloabder-20&linkCode=osi&th=1&psc=1">View Product</a></div><div class="product"><a href="https://www.amazon.com/dp/B0D2JBKYM1?tag=eloabder-20&linkCode=osi&th=1&psc=1"><img src="https://m.media-amazon.com/images/I/41zFTU9QpfL._SL500_.jpg" alt="Product Image"></a><p>Bostitch Office Stapler, No-Jam Premium for Desktop, Includes 1,250 Staples, Full-Strip, 25 Sheet Capacity, Black</p><p> -26% 0FF </p><p>$6.99</p><a href="https://www.amazon.com/dp/B0D2JBKYM1?tag=eloabder-20&linkCode=osi&th=1&psc=1">View Product</a></div><div class="product"><a href="https://www.amazon.com/dp/B0CC5GJKM1?tag=eloabder-20&linkCode=osi&th=1&psc=1"><img src="https://m.media-amazon.com/images/I/41JDDoSZQiL._SL500_.jpg" alt="Product Image"></a><p>Metal Stapler Heavy Duty 50 Sheet Capacity with 1750 Staples and Staple Remover, Full Strip Staplers for Desk, No Jam, Non-Slip for Office & Classroom, Black</p><p> -33% 0FF </p><p>$13.29</p><a href="https://www.amazon.com/dp/B0CC5GJKM1?tag=eloabder-20&linkCode=osi&th=1&psc=1">View Product</a></div><div class="product"><a href="https://www.amazon.com/dp/B0006HUQZ6?tag=eloabder-20&linkCode=osi&th=1&psc=1"><img src="https://m.media-amazon.com/images/I/31e-T-f1TGL._SL500_.jpg" alt="Product Image"></a><p>Swingline Stapler, 30 Sheet Capacity, 747 Business Stapler, Jam Free, Metal, Rio Red (74736)</p><p> -23% 0FF </p><p>$15.30</p><a href="https://www.amazon.com/dp/B0006HUQZ6?tag=eloabder-20&linkCode=osi&th=1&psc=1">View Product</a></div>
<div class="product"><a href="https://www.amazon.com/dp/B00J8PJJF0?tag=eloabder-20&linkCode=osi&th=1&psc=1"><img src="https://m.media-amazon.com/images/I/418dc+5ZGkL._SL500_.jpg" alt="Product Image"></a><p>Bostitch Office Premium Standard Staples, 1/4" Full Strip, Box of 5,000 Staples</p><p> -27% 0FF </p><p>$4.39</p><a href="https://www.amazon.com/dp/B00J8PJJF0?tag=eloabder-20&linkCode=osi&th=1&psc=1">View Product</a></div><div class="product"><a href="https://www.amazon.com/dp/B079VYR12V?tag=eloabder-20&linkCode=osi&th=1&psc=1"><img src="https://m.media-amazon.com/images/I/51xAt88vqrL._SL500_.jpg" alt="Product Image"></a><p>Officemate Standard Staples, 10 Boxes General Purpose Staple (91950)</p><p> -10% 0FF </p><p>$14.37</p><a href="https://www.amazon.com/dp/B079VYR12V?tag=eloabder-20&linkCode=osi&th=1&psc=1">View Product</a></div><div class="product"><a href="https://www.amazon.com/dp/B00006IFMQ?tag=eloabder-20&linkCode=osi&th=1&psc=1"><img src="https://m.media-amazon.com/images/I/51UsWZuFq8L._SL500_.jpg" alt="Product Image"></a><p>Bostitch Office B8 PowerCrown 0.25 Inch Staples, Pack of 5,000 Staples (STCRP21151/4), Silver</p><p> -30% 0FF </p><p>$2.33</p><a href="https://www.amazon.com/dp/B00006IFMQ?tag=eloabder-20&linkCode=osi&th=1&psc=1">View Product</a></div>
<div class="product"><a href="https://www.amazon.com/dp/B000J07BRQ?tag=eloabder-20&linkCode=osi&th=1&psc=1"><img src="https://m.media-amazon.com/images/I/51QpJKjajbL._SL500_.jpg" alt="Product Image"></a><p>Scotch Heavy Duty Shipping Packing Tape, Clear, Packing Tape for Moving Boxes and Packaging Supplies, 1.88 in. x 22.2 yd., 6 Roll Dispensers, Moving Supplies</p><p> -35% 0FF </p><p>$12.99</p><a href="https://www.amazon.com/dp/B000J07BRQ?tag=eloabder-20&linkCode=osi&th=1&psc=1">View Product</a></div><div class="product"><a href="https://www.amazon.com/dp/B0000DH8HQ?tag=eloabder-20&linkCode=osi&th=1&psc=1"><img src="https://m.media-amazon.com/images/I/414lAY+087L._SL500_.jpg" alt="Product Image"></a><p>Scotch Magic Tape, Invisible Transparent Tape, 6 Tape Rolls with Dispensers, 3/4 in x 650 in</p><p> -23% 0FF </p><p>$12.34</p><a href="https://www.amazon.com/dp/B0000DH8HQ?tag=eloabder-20&linkCode=osi&th=1&psc=1">View Product</a></div><div class="product"><a href="https://www.amazon.com/dp/B0DQHV6X92?tag=eloabder-20&linkCode=osi&th=1&psc=1"><img src="https://m.media-amazon.com/images/I/51ViCFlgldL._SL500_.jpg" alt="Product Image"></a><p>BeataTap Tape, Invisible Tape, 6 Rolls + 6 Refillable Dispensers, Matte Finish, Writable, 3/4″ x 650″, Transparent Tape, Clear Tape for Gift Wrapping Paper, School Supplies</p><p> -15% 0FF </p><p>$5.94 ($0.99 / Count)</p><a href="https://www.amazon.com/dp/B0DQHV6X92?tag=eloabder-20&linkCode=osi&th=1&psc=1">View Product</a></div><div class="product"><a href="https://www.amazon.com/dp/B07CB6LN5S?tag=eloabder-20&linkCode=osi&th=1&psc=1"><img src="https://m.media-amazon.com/images/I/41NNyeISnjL._SL500_.jpg" alt="Product Image"></a><p>Scotch Super-Hold Tape, 2 Rolls, Transparent Finish, 50% More Adhesive, Trusted Favorite, 3/4 x 600 Inches, Dispensered (198DM-2)</p><p> -30% 0FF </p><p>$5.97</p><a href="https://www.amazon.com/dp/B07CB6LN5S?tag=eloabder-20&linkCode=osi&th=1&psc=1">View Product</a></div><div class="product"><a href="https://www.amazon.com/dp/B00464740A?tag=eloabder-20&linkCode=osi&th=1&psc=1"><img src="https://m.media-amazon.com/images/I/51ZPFoiGfuL._SL500_.jpg" alt="Product Image"></a><p>Scotch Sure Start Shipping Packaging Tape, 1.88" x 22.2 yd, Designed for Packing, Shipping and Mailing, Quiet Unwind, No Splitting or Tearing, 1.5" Core, Clear, 6 Dispensered Rolls (145-6)</p><p> -28% 0FF </p><p>$13.48</p><a href="https://www.amazon.com/dp/B00464740A?tag=eloabder-20&linkCode=osi&th=1&psc=1">View Product</a></div><div class="product"><a href="https://www.amazon.com/dp/B09C6LLG9P?tag=eloabder-20&linkCode=osi&th=1&psc=1"><img src="https://m.media-amazon.com/images/I/41rbv66ZNBL._SL500_.jpg" alt="Product Image"></a><p>Scotch Box Lock Packaging Tape, 1 Roll with Dispenser, 1.88 in x 1000 in, Extreme Grip, Sticks Instantly to Any Box (195L)</p><p> -31% 0FF </p><p>$4.12</p><a href="https://www.amazon.com/dp/B09C6LLG9P?tag=eloabder-20&linkCode=osi&th=1&psc=1">View Product</a></div>
<div class="product"><a href="https://www.amazon.com/dp/B08QQZ71CV?tag=eloabder-20&linkCode=osi&th=1&psc=1"><img src="https://m.media-amazon.com/images/I/51Foz0aGYoS._SL500_.jpg" alt="Product Image"></a><p>Gorilla Super Glue, Clear Glue, Four 3 Gram Tubes (Pack of 1) - All Purpose and Fast Setting for Projects and Repairs</p><p> -25% 0FF </p><p>$9.49 ($22.60 / Ounce)</p><a href="https://www.amazon.com/dp/B08QQZ71CV?tag=eloabder-20&linkCode=osi&th=1&psc=1">View Product</a></div><div class="product"><a href="https://www.amazon.com/dp/B07J6R3GK7?tag=eloabder-20&linkCode=osi&th=1&psc=1"><img src="https://m.media-amazon.com/images/I/31kdOjGBkpL._SL500_.jpg" alt="Product Image"></a><p>Amazon Basics All Purpose Washable School Clear Liquid Glue - Great for Making Slime, 128 fl oz</p><p> -6% 0FF </p><p>$16.13</p><a href="https://www.amazon.com/dp/B07J6R3GK7?tag=eloabder-20&linkCode=osi&th=1&psc=1">View Product</a></div><div class="product"><a href="https://www.amazon.com/dp/B00178QQJ8?tag=eloabder-20&linkCode=osi&th=1&psc=1"><img src="https://m.media-amazon.com/images/I/41zs6k410RL._SL500_.jpg" alt="Product Image"></a><p>Mod Podge Gloss Sealer, Glue & Finish: All-in-One Craft Solution- Quick Dry, Easy Clean, for Wood, Paper, Fabric & More. Non-Toxic - Craft with Confidence, Made in USA, 16 oz., Pack of 1</p><p> -36% 0FF </p><p>$7.99 ($0.50 / Fl Oz)</p><a href="https://www.amazon.com/dp/B00178QQJ8?tag=eloabder-20&linkCode=osi&th=1&psc=1">View Product</a></div><div class="product"><a href="https://www.amazon.com/dp/B073V14DZJ?tag=eloabder-20&linkCode=osi&th=1&psc=1"><img src="https://m.media-amazon.com/images/I/31Iyy5+vk6L._SL500_.jpg" alt="Product Image"></a><p>Amazon Basics All Purpose Washable School Craft Liquid Glue for Making Slime, White, Single Pack, 1 Gallon</p><p> -7% 0FF </p><p>$15.54</p><a href="https://www.amazon.com/dp/B073V14DZJ?tag=eloabder-20&linkCode=osi&th=1&psc=1">View Product</a></div><div class="product"><a href="https://www.amazon.com/dp/B0006HUJCQ?tag=eloabder-20&linkCode=osi&th=1&psc=1"><img src="https://m.media-amazon.com/images/I/511pTqChTCL._SL500_.jpg" alt="Product Image"></a><p>Loctite Super Glue Gel Control, Clear, 0.14 fl oz Bottle, 1 Pack - Superglue for Plastic, Wood, Metal, Crafts & Repair, Cyanoacrylate Adhesive Instant Glue, Quick Dry</p><p> -13% 0FF </p><p>$3.64 ($26.00 / Fl Oz)</p><a href="https://www.amazon.com/dp/B0006HUJCQ?tag=eloabder-20&linkCode=osi&th=1&psc=1">View Product</a></div>
<div class="product"><a href="https://www.amazon.com/dp/B074XTRX7K?tag=eloabder-20&linkCode=osi&th=1&psc=1"><img src="https://m.media-amazon.com/images/I/31rOPIrMfDL._SL500_.jpg" alt="Product Image"></a><p>Amazon Basics Sturdy Binder Clips for Office Use, 96 Count (8 Pack of 12), Medium, 1.25 in, Black</p><p> -26% 0FF </p><p>$7.48</p><a href="https://www.amazon.com/dp/B074XTRX7K?tag=eloabder-20&linkCode=osi&th=1&psc=1">View Product</a></div><div class="product"><a href="https://www.amazon.com/dp/B00TQ8FDB8?tag=eloabder-20&linkCode=osi&th=1&psc=1"><img src="https://m.media-amazon.com/images/I/51y7lUrMLnL._SL500_.jpg" alt="Product Image"></a><p>ACCO Binder Clips, Medium, Black, 12 per Box, 2 Boxes (72062)</p><p> -25% 0FF </p><p>$5.96</p><a href="https://www.amazon.com/dp/B00TQ8FDB8?tag=eloabder-20&linkCode=osi&th=1&psc=1">View Product</a></div><div class="product"><a href="https://www.amazon.com/dp/B08KWCDP3C?tag=eloabder-20&linkCode=osi&th=1&psc=1"><img src="https://m.media-amazon.com/images/I/41qucDz6HuL._SL500_.jpg" alt="Product Image"></a><p>Ufmarine Medium Binder Clips 1.25 inch Length, (40 Pcs) Colorful Paper Clips Medium for Office</p><p> -12% 0FF </p><p>$5.99</p><a href="https://www.amazon.com/dp/B08KWCDP3C?tag=eloabder-20&linkCode=osi&th=1&psc=1">View Product</a></div>
<div class="product"><a href="https://www.amazon.com/dp/B09XQLJFDD?tag=eloabder-20&linkCode=osi&th=1&psc=1"><img src="https://m.media-amazon.com/images/I/41iiSFMy4uL._SL500_.jpg" alt="Product Image"></a><p>PAPERPAL Paperclips for Office School & Personal Use, #1 Nonskid Paper Clip (1-2/7"), 600 Medium Paper Clips (6 Boxes of 100 Each), Silver</p><p> -20% 0FF </p><p>$7.99</p><a href="https://www.amazon.com/dp/B09XQLJFDD?tag=eloabder-20&linkCode=osi&th=1&psc=1">View Product</a></div>

<div class="product"><a href="https://www.amazon.com/dp/B004I2G8NO?tag=eloabder-20&linkCode=osi&th=1&psc=1"><img src="https://m.media-amazon.com/images/I/51WEsLRINGL._SL500_.jpg" alt="Product Image"></a><p>Business Source Rubber Band, Natural (1914LB)</p><p> -26% 0FF </p><p>$4.00</p><a href="https://www.amazon.com/dp/B004I2G8NO?tag=eloabder-20&linkCode=osi&th=1&psc=1">View Product</a></div><div class="product"><a href="https://www.amazon.com/dp/B077GDY1LP?tag=eloabder-20&linkCode=osi&th=1&psc=1"><img src="https://m.media-amazon.com/images/I/41nn0nmNTiL._SL500_.jpg" alt="Product Image"></a><p>ANNIE 1000 RUBBER BANDS 1/2" #BLACK</p><p> -7% 0FF </p><p>$4.90 ($1.22 / Count)</p><a href="https://www.amazon.com/dp/B077GDY1LP?tag=eloabder-20&linkCode=osi&th=1&psc=1">View Product</a></div><div class="product"><a href="https://www.amazon.com/dp/B000783OPI?tag=eloabder-20&linkCode=osi&th=1&psc=1"><img src="https://m.media-amazon.com/images/I/510okXKzMqL._SL500_.jpg" alt="Product Image"></a><p>Universal 00419 19-Size Rubber Bands (335 Per Pack), Beige</p><p> -29% 0FF </p><p>$3.44</p><a href="https://www.amazon.com/dp/B000783OPI?tag=eloabder-20&linkCode=osi&th=1&psc=1">View Product</a></div><div class="product"><a href="https://www.amazon.com/dp/B00006IBRU?tag=eloabder-20&linkCode=osi&th=1&psc=1"><img src="https://m.media-amazon.com/images/I/51pU5khkX8L._SL500_.jpg" alt="Product Image"></a><p>ALL26335 - Alliance Rubber 26335 Advantage Rubber Bands - Size #33, Natural, 1 Pound 3 x 1/8 inches</p><p> -62% 0FF </p><p>$3.29</p><a href="https://www.amazon.com/dp/B00006IBRU?tag=eloabder-20&linkCode=osi&th=1&psc=1">View Product</a></div>
<div class="product"><a href="https://www.amazon.com/dp/B0DSKTZBB6?tag=eloabder-20&linkCode=osi&th=1&psc=1"><img src="https://m.media-amazon.com/images/I/415YD3kNFlL._SL500_.jpg" alt="Product Image"></a><p>300 Count Colored Index Cards 3 x 5 Inch Ruled Index Cards, Flash Cards College Ruled for School, College, Office and Home Organization, Durable Study To Do List Note Cards with Ruled Lines</p><p> -10% 0FF </p><p>$6.29</p><a href="https://www.amazon.com/dp/B0DSKTZBB6?tag=eloabder-20&linkCode=osi&th=1&psc=1">View Product</a></div><div class="product"><a href="https://www.amazon.com/dp/B09JYQZQ3V?tag=eloabder-20&linkCode=osi&th=1&psc=1"><img src="https://m.media-amazon.com/images/I/41y5vfnutuL._SL500_.jpg" alt="Product Image"></a><p>Oxford Index Cards, 3 x 5 Inches, White, Lined on Front, Blank on Back, Flashcards for School and Studying, Recipe Note Cards, 500 Count (5 Packs of 100) (40176)</p><p> -22% 0FF </p><p>$7.01</p><a href="https://www.amazon.com/dp/B09JYQZQ3V?tag=eloabder-20&linkCode=osi&th=1&psc=1">View Product</a></div>
<div class="product"><a href="https://www.amazon.com/dp/B00P9U2EM8?tag=eloabder-20&linkCode=osi&th=1&psc=1"><img src="https://m.media-amazon.com/images/I/41Op5kyIukL._SL500_.jpg" alt="Product Image"></a><p>Mead Spiral Notebook, 6 Pack, 1 Subject, College Ruled Paper, 7-1/2" x 10-1/2", 70 Sheets per Notebook, Colors Will Vary (830062-ECM25)</p><p> -46% 0FF </p><p>$6.71</p><a href="https://www.amazon.com/dp/B00P9U2EM8?tag=eloabder-20&linkCode=osi&th=1&psc=1">View Product</a></div><div class="product"><a href="https://www.amazon.com/dp/B0CQN8FVJX?tag=eloabder-20&linkCode=osi&th=1&psc=1"><img src="https://m.media-amazon.com/images/I/414WVVoGFPL._SL500_.jpg" alt="Product Image"></a><p>SUNEE Spiral Notebooks, 1-Subject, 5 Pack, College Ruled Paper, 8" x 10-1/2", 70 Sheets per Notebook,3-Hole Punched Paper, Pink,Purple, Blue, Green, Yellow Spiral Lined Notebooks for School,Work</p><p> -29% 0FF </p><p>$9.99</p><a href="https://www.amazon.com/dp/B0CQN8FVJX?tag=eloabder-20&linkCode=osi&th=1&psc=1">View Product</a></div><div class="product"><a href="https://www.amazon.com/dp/B08NYRMWZ8?tag=eloabder-20&linkCode=osi&th=1&psc=1"><img src="https://m.media-amazon.com/images/I/41y1cnNXtOL._SL500_.jpg" alt="Product Image"></a><p>Yansanido Spiral Notebook, 4 Pcs 8.3 Inch x 5.9 Inch A5 Thick Plastic Hardcover 8mm Ruled 4 Color 80 Sheets -160 Pages Journals for Study and Notes (style 10-Wine Red,Brown,Green,ivory, A5)</p><p> -23% 0FF </p><p>$9.99</p><a href="https://www.amazon.com/dp/B08NYRMWZ8?tag=eloabder-20&linkCode=osi&th=1&psc=1">View Product</a></div><div class="product"><a href="https://www.amazon.com/dp/B08VF9VYLZ?tag=eloabder-20&linkCode=osi&th=1&psc=1"><img src="https://m.media-amazon.com/images/I/41ktUSmtHAL._SL500_.jpg" alt="Product Image"></a><p>Oxford Spiral Notebooks, 6 Pack, 1 Subject, Wide Ruled Notebooks for School, 8 x 10.5 Inches, 70 Sheets, Assorted Pastel Colors, Back to School Supplies (63757)</p><p> -6% 0FF </p><p>$8.99</p><a href="https://www.amazon.com/dp/B08VF9VYLZ?tag=eloabder-20&linkCode=osi&th=1&psc=1">View Product</a></div>
<div class="product"><a href="https://www.amazon.com/dp/B0FDRCSXZH?tag=eloabder-20&linkCode=osi&th=1&psc=1"><img src="https://m.media-amazon.com/images/I/41rYztS-0zL._SL500_.jpg" alt="Product Image"></a><p>5pcs Small Note Pads, Color Notepads 5x8 College Ruled Notebook, Writing Pads 5 x 8, Legal Pads, Memo Pad Paper Perforate Narrow Ruled Notebooks for Work, School, Office Supplies,30 Sheets/Pack</p><p> -14% 0FF </p><p>$5.99</p><a href="https://www.amazon.com/dp/B0FDRCSXZH?tag=eloabder-20&linkCode=osi&th=1&psc=1">View Product</a></div><div class="product"><a href="https://www.amazon.com/dp/B0BZQNCV62?tag=eloabder-20&linkCode=osi&th=1&psc=1"><img src="https://m.media-amazon.com/images/I/41yNqvqCwoL._SL500_.jpg" alt="Product Image"></a><p>Alitte Legal Notepads 8.5 x 11, Pack of 12 - Perforated Wide Ruled Writing Pad - Premium Thick Paper, No Ink Bleeding - Blank Legal Pads For Home, Office, School, Business - 50 Sheets Per Notebook</p><p> -17% 0FF </p><p>$24.99</p><a href="https://www.amazon.com/dp/B0BZQNCV62?tag=eloabder-20&linkCode=osi&th=1&psc=1">View Product</a></div>
<div class="product"><a href="https://www.amazon.com/dp/B0C7S1PCX4?tag=eloabder-20&linkCode=osi&th=1&psc=1"><img src="https://m.media-amazon.com/images/I/41nVRBg2klL._SL500_.jpg" alt="Product Image"></a><p>Oxford 8.5 x 11 Legal Pads, 12 Pack, Wide Ruled, Yellow Paper, 50 Sheets Per Writing Pad, Made in the USA (74020)</p><p> -30% 0FF </p><p>$12.60</p><a href="https://www.amazon.com/dp/B0C7S1PCX4?tag=eloabder-20&linkCode=osi&th=1&psc=1">View Product</a></div><div class="product"><a href="https://www.amazon.com/dp/B0CGF22134?tag=eloabder-20&linkCode=osi&th=1&psc=1"><img src="https://m.media-amazon.com/images/I/41FzLgeXAyL._SL500_.jpg" alt="Product Image"></a><p>MSKKSM Legal Pads 8.5 x 11, 3 Pack Yellow Note Pads 8.5 x 11 Writing Pads, Wide Ruled Legal Notepads, Lined Pads of Paper Yellow Paper Pads, 30 Sheets Per Notepad for School, Home, Office, Business</p><p> -17% 0FF </p><p>$9.99</p><a href="https://www.amazon.com/dp/B0CGF22134?tag=eloabder-20&linkCode=osi&th=1&psc=1">View Product</a></div><div class="product"><a href="https://www.amazon.com/dp/B0FCMWHFC2?tag=eloabder-20&linkCode=osi&th=1&psc=1"><img src="https://m.media-amazon.com/images/I/41MMVFB-S4L._SL500_.jpg" alt="Product Image"></a><p>5pcs Legal Pads 8.5 x 11, Notepads 8.5 x 11 Inch, Color Note Pads Clear Print Writing Pads of Paper, Memo Pads , Perforate Legal Notepads Paper , Wide Ruled Lined with Sturdy Back,30 Sheets/Pack</p><p> -8% 0FF </p><p>$11.99</p><a href="https://www.amazon.com/dp/B0FCMWHFC2?tag=eloabder-20&linkCode=osi&th=1&psc=1">View Product</a></div>
<div class="product"><a href="https://www.amazon.com/dp/B08H593JZG?tag=eloabder-20&linkCode=osi&th=1&psc=1"><img src="https://m.media-amazon.com/images/I/415Ykzo-lyL._SL500_.jpg" alt="Product Image"></a><p>Eastern Wolf 8 Pads Sticky Notes 3x3 Self-Stick Notes 8 Bright Multi Colors Purple Sticky Notes, 85 Sheet/Pad</p><p> -20% 0FF </p><p>$5.59</p><a href="https://www.amazon.com/dp/B08H593JZG?tag=eloabder-20&linkCode=osi&th=1&psc=1">View Product</a></div><div class="product"><a href="https://www.amazon.com/dp/B0BPJW13CM?tag=eloabder-20&linkCode=osi&th=1&psc=1"><img src="https://m.media-amazon.com/images/I/41uKwTyz1rL._SL500_.jpg" alt="Product Image"></a><p>Post-it 100% Recycled Paper Super Sticky Notes, 2X The Sticking Power, 3x3 in, 5 Pads, 70 Sheets/Pad, Wanderlust Pastels Collection (654R-5SSNRP)</p><p> -33% 0FF </p><p>$5.98</p><a href="https://www.amazon.com/dp/B0BPJW13CM?tag=eloabder-20&linkCode=osi&th=1&psc=1">View Product</a></div><div class="product"><a href="https://www.amazon.com/dp/B0D6RPPK9H?tag=eloabder-20&linkCode=osi&th=1&psc=1"><img src="https://m.media-amazon.com/images/I/41O8zZ-RN4L._SL500_.jpg" alt="Product Image"></a><p>(18 Pads) Sticky Notes 3x3 inch, Self-Stick Pads Bright Colors Sticky Note, Recyclable, Easy to Post for Home, Office, Notebook</p><p> -40% 0FF </p><p>$8.39</p><a href="https://www.amazon.com/dp/B0D6RPPK9H?tag=eloabder-20&linkCode=osi&th=1&psc=1">View Product</a></div><div class="product"><a href="https://www.amazon.com/dp/B0CMGJ6FRB?tag=eloabder-20&linkCode=osi&th=1&psc=1"><img src="https://m.media-amazon.com/images/I/41xF9DqIGZL._SL500_.jpg" alt="Product Image"></a><p>Sticky Notes, 12 Pads, 3x3 inches, Soft Pastel Self-Stick Note Pads, Perfect for Office, Study, and Daily Life Organization - Soft Pastel</p><p> -16% 0FF </p><p>$5.06</p><a href="https://www.amazon.com/dp/B0CMGJ6FRB?tag=eloabder-20&linkCode=osi&th=1&psc=1">View Product</a></div>
<div class="product"><a href="https://www.amazon.com/dp/B07VRYX57R?tag=eloabder-20&linkCode=osi&th=1&psc=1"><img src="https://m.media-amazon.com/images/I/410XbLRqukL._SL500_.jpg" alt="Product Image"></a><p>(24 Pack) Sticky Notes 3x3 in Post Bright Stickies Colorful Super Sticking Power Memo Pads, Strong Adhesive, 74 Sheets/pad</p><p> -35% 0FF </p><p>$16.99</p><a href="https://www.amazon.com/dp/B07VRYX57R?tag=eloabder-20&linkCode=osi&th=1&psc=1">View Product</a></div><div class="product"><a href="https://www.amazon.com/dp/B00QSR9PRI?tag=eloabder-20&linkCode=osi&th=1&psc=1"><img src="https://m.media-amazon.com/images/I/31n-YNlgraL._SL500_.jpg" alt="Product Image"></a><p>Amazon Basics Narrow Ruled Lined Writing Note Pad, 5 inch x 8 inch, White, 12 Count (12 Pack of 50 pages)</p><p> -6% 0FF </p><p>$8.78</p><a href="https://www.amazon.com/dp/B00QSR9PRI?tag=eloabder-20&linkCode=osi&th=1&psc=1">View Product</a></div><div class="product"><a href="https://www.amazon.com/dp/B0D5M4D3NN?tag=eloabder-20&linkCode=osi&th=1&psc=1"><img src="https://m.media-amazon.com/images/I/41uzPvHBCDL._SL500_.jpg" alt="Product Image"></a><p>(12 Pack) Lined Sticky Notes 4x6 in Ruled Stickies Super Sticking Power Memo Pads Bright Colors</p><p> -40% 0FF </p><p>$8.98</p><a href="https://www.amazon.com/dp/B0D5M4D3NN?tag=eloabder-20&linkCode=osi&th=1&psc=1">View Product</a></div><div class="product"><a href="https://www.amazon.com/dp/B0CQK3M5VK?tag=eloabder-20&linkCode=osi&th=1&psc=1"><img src="https://m.media-amazon.com/images/I/31jKEzc1qFL._SL500_.jpg" alt="Product Image"></a><p>Note Pads 4x6 Inch, 6 Pack Blank Scratch Pads, 50 Sheets Per Memo Pad for Writing, White Pad of Paper Suit for Home, Office and School, Tear off Notepad, Small Server Notebook</p><p> -10% 0FF </p><p>$6.29</p><a href="https://www.amazon.com/dp/B0CQK3M5VK?tag=eloabder-20&linkCode=osi&th=1&psc=1">View Product</a></div>
<div class="product"><a href="https://www.amazon.com/dp/B0F5D4VNBX?tag=eloabder-20&linkCode=osi&th=1&psc=1"><img src="https://m.media-amazon.com/images/I/41SnXbixNcL._SL500_.jpg" alt="Product Image"></a><p>Blue Sky 2026 Weekly and Monthly Planner Calendar, Includes January 2026 - December 2026, 5" x 8", Flexible Cover, Wirebound, Laminated Tabs, Enterprise</p><p> -10% 0FF </p><p>$8.99</p><a href="https://www.amazon.com/dp/B0F5D4VNBX?tag=eloabder-20&linkCode=osi&th=1&psc=1">View Product</a></div><div class="product"><a href="https://www.amazon.com/dp/B0FRNQDRCR?tag=eloabder-20&linkCode=osi&th=1&psc=1"><img src="https://m.media-amazon.com/images/I/51rBf1oJchL._SL500_.jpg" alt="Product Image"></a><p>Essential PRO 2026 Daily, Weekly & Monthly Planner, 7"x9": 14 Months (Nov 2025 - Dec 2026) Monthly Tabs,Daily Tracking,Notes Pages,Storage Pocket,Bookmark w Sticky Notes (Tree Seasons)</p><p> -14% 0FF </p><p>$29.95</p><a href="https://www.amazon.com/dp/B0FRNQDRCR?tag=eloabder-20&linkCode=osi&th=1&psc=1">View Product</a></div><div class="product"><a href="https://www.amazon.com/dp/B0DYBQWJ5S?tag=eloabder-20&linkCode=osi&th=1&psc=1"><img src="https://m.media-amazon.com/images/I/41UP6Ui7BjL._SL500_.jpg" alt="Product Image"></a><p>AT-A-GLANCE 2026 Appointment Book Planner, Weekly, 8" x 11", Large, Quarter-Hourly, DayMinder, Black (G5200026)</p><p> -45% 0FF </p><p>$15.87</p><a href="https://www.amazon.com/dp/B0DYBQWJ5S?tag=eloabder-20&linkCode=osi&th=1&psc=1">View Product</a></div><div class="product"><a href="https://www.amazon.com/dp/B0DJ8SXCR4?tag=eloabder-20&linkCode=osi&th=1&psc=1"><img src="https://m.media-amazon.com/images/I/41sRmmLvCsL._SL500_.jpg" alt="Product Image"></a><p>Planner 2025-2026, Weekly and Monthly Calendar Academic Planner (July 2025 - June 2026), Hardcover Teacher School Student Agenda with Tabs, Ideal for School Office Supplies, A5 (6.3" x 8.5") - Green</p><p> -25% 0FF </p><p>$8.99</p><a href="https://www.amazon.com/dp/B0DJ8SXCR4?tag=eloabder-20&linkCode=osi&th=1&psc=1">View Product</a></div><div class="product"><a href="https://www.amazon.com/dp/B0D2VW43KP?tag=eloabder-20&linkCode=osi&th=1&psc=1"><img src="https://m.media-amazon.com/images/I/41eyA1Q1U4L._SL500_.jpg" alt="Product Image"></a><p>Forvencer 2026 Planner, Hardcover Calendar Planner Weekly and Monthly, January 2026 - December 2026, 8.5" x 11", Spiral Agenda Book with Tabs, Exquisite Daily Journal with Inner Pocket, Organizer Notebook for Office Home School, A4 Size, Green</p><p> -41% 0FF </p><p>$9.99</p><a href="https://www.amazon.com/dp/B0D2VW43KP?tag=eloabder-20&linkCode=osi&th=1&psc=1">View Product</a></div>
<div class="product"><a href="https://www.amazon.com/dp/B0DYBYRY3R?tag=eloabder-20&linkCode=osi&th=1&psc=1"><img src="https://m.media-amazon.com/images/I/41oxPcKnCuL._SL500_.jpg" alt="Product Image"></a><p>AT-A-GLANCE 2026 Desk Calendar, Monthly, Desk Pad, 21-3/4" x 17", Large, Ruled Blocks (SK240026)</p><p> -19% 0FF </p><p>$11.89</p><a href="https://www.amazon.com/dp/B0DYBYRY3R?tag=eloabder-20&linkCode=osi&th=1&psc=1">View Product</a></div><div class="product"><a href="https://www.amazon.com/dp/B0DXQ416QR?tag=eloabder-20&linkCode=osi&th=1&psc=1"><img src="https://m.media-amazon.com/images/I/41o3YUjfIVL._SL500_.jpg" alt="Product Image"></a><p>Aesthetic 2025-2026 Wall Calendar - Runs from May 2025 Until December 2026 - The Perfect Modern Calendar Planner for Easy Organizing</p><p> -43% 0FF </p><p>$3.99</p><a href="https://www.amazon.com/dp/B0DXQ416QR?tag=eloabder-20&linkCode=osi&th=1&psc=1">View Product</a></div><div class="product"><a href="https://www.amazon.com/dp/B0CCRXKSK8?tag=eloabder-20&linkCode=osi&th=1&psc=1"><img src="https://m.media-amazon.com/images/I/51eOdkimr+L._SL500_.jpg" alt="Product Image"></a><p>SUNEE Wall Calendar 2025-2026 Large 22.75"x15.5", 21 Month Calendar from October 2025 to June 2027, Vertical Extra Large Monthly Calendar 2026 for Wall, Seasons Color</p><p> -24% 0FF </p><p>$15.19</p><a href="https://www.amazon.com/dp/B0CCRXKSK8?tag=eloabder-20&linkCode=osi&th=1&psc=1">View Product</a></div><div class="product"><a href="https://www.amazon.com/dp/B0F7HZ7C9G?tag=eloabder-20&linkCode=osi&th=1&psc=1"><img src="https://m.media-amazon.com/images/I/41rkKO18HGL._SL500_.jpg" alt="Product Image"></a><p>Beautiful 2025-2026 Wall Calendar - Runs from July 2025 until December 2026 – Large 14.5" x 11.5" Office Wall Calendar for Easy Organizing</p><p> -10% 0FF </p><p>$8.99</p><a href="https://www.amazon.com/dp/B0F7HZ7C9G?tag=eloabder-20&linkCode=osi&th=1&psc=1">View Product</a></div><div class="product"><a href="https://www.amazon.com/dp/B0DYDC7ZLV?tag=eloabder-20&linkCode=osi&th=1&psc=1"><img src="https://m.media-amazon.com/images/I/51MOLWJ45HL._SL500_.jpg" alt="Product Image"></a><p>XISIDO 2025-2026 Wall Calendar, Calendar 2025-2026, 18 Month Calendar July 2025 - December 2026, 14.8" X 11.5", Calendar with Twin-Wire Binding, Hanging Hook and Julian Dates (Seasonal Designs)</p><p> -20% 0FF </p><p>$7.99</p><a href="https://www.amazon.com/dp/B0DYDC7ZLV?tag=eloabder-20&linkCode=osi&th=1&psc=1">View Product</a></div><div class="product"><a href="https://www.amazon.com/dp/B0D2KCVBBD?tag=eloabder-20&linkCode=osi&th=1&psc=1"><img src="https://m.media-amazon.com/images/I/51Eg-3ZKZxL._SL500_.jpg" alt="Product Image"></a><p>XISIDO Calendar 2025-2026, 18 Months Wall Calendar July 2025 to Dec 2026 Calendar with Julian Dates, 11" X 8.5" (Colorful)</p><p> -33% 0FF </p><p>$3.99</p><a href="https://www.amazon.com/dp/B0D2KCVBBD?tag=eloabder-20&linkCode=osi&th=1&psc=1">View Product</a></div><div class="product"><a href="https://www.amazon.com/dp/B0DY7R9226?tag=eloabder-20&linkCode=osi&th=1&psc=1"><img src="https://m.media-amazon.com/images/I/41eTUjCfzFL._SL500_.jpg" alt="Product Image"></a><p>Lbylyhxc Wall Calendar 2025-2026 - Runs from July 2025 to December 2026-18 Monthly Calendar 2026. Thick Paper includes major holidays and dedicated space for notes and important dates (Colorful Calendar 2025-2026)</p><p> -50% 0FF </p><p>$2.49</p><a href="https://www.amazon.com/dp/B0DY7R9226?tag=eloabder-20&linkCode=osi&th=1&psc=1">View Product</a></div>
<div class="product"><a href="https://www.amazon.com/dp/B00NI5LVAW?tag=eloabder-20&linkCode=osi&th=1&psc=1"><img src="https://m.media-amazon.com/images/I/31X0RgqQ1ML._SL500_.jpg" alt="Product Image"></a><p>Pendaflex File Folders, Letter Size, 1/3 Cut, Manila, 250 per Box (752250)</p><p> -11% 0FF </p><p>$26.50</p><a href="https://www.amazon.com/dp/B00NI5LVAW?tag=eloabder-20&linkCode=osi&th=1&psc=1">View Product</a></div><div class="product"><a href="https://www.amazon.com/dp/B0D1YBFHS8?tag=eloabder-20&linkCode=osi&th=1&psc=1"><img src="https://m.media-amazon.com/images/I/41qkHxiS+vL._SL500_.jpg" alt="Product Image"></a><p>SUNEE File Folders, 30 Pack Manilla Folders 8.5 x 11, Colored File Folders Home Office School Supplies for Documents Files Paper, 6 Assorted Colors</p><p> -26% 0FF </p><p>$9.99</p><a href="https://www.amazon.com/dp/B0D1YBFHS8?tag=eloabder-20&linkCode=osi&th=1&psc=1">View Product</a></div><div class="product"><a href="https://www.amazon.com/dp/B000DZ9XGO?tag=eloabder-20&linkCode=osi&th=1&psc=1"><img src="https://m.media-amazon.com/images/I/31WKzTB-4WL._SL500_.jpg" alt="Product Image"></a><p>Oxford Two-Pocket Folders, Assorted Colors, Letter Size, 25 per box (57513)</p><p> -32% 0FF </p><p>$12.23</p><a href="https://www.amazon.com/dp/B000DZ9XGO?tag=eloabder-20&linkCode=osi&th=1&psc=1">View Product</a></div><div class="product"><a href="https://www.amazon.com/dp/B0F8H75MLS?tag=eloabder-20&linkCode=osi&th=1&psc=1"><img src="https://m.media-amazon.com/images/I/41GV18+8+zL._SL500_.jpg" alt="Product Image"></a><p>Plastic Folders with Pockets, 6 Pack Document Folders with Business Card Slot, 2 Pocket Folders Back to School Supplies for Kids, Office</p><p> -33% 0FF </p><p>$5.99</p><a href="https://www.amazon.com/dp/B0F8H75MLS?tag=eloabder-20&linkCode=osi&th=1&psc=1">View Product</a></div><div class="product"><a href="https://www.amazon.com/dp/B0CPDTKFVF?tag=eloabder-20&linkCode=osi&th=1&psc=1"><img src="https://m.media-amazon.com/images/I/41PQ8ToLyhL._SL500_.jpg" alt="Product Image"></a><p>Aegero Plastic Folders with Pockets (7 Pack, Assorted Colors), Durable Heavy Duty File Folders with Business Card Slot, 2-Pocket Folder for Schoolwork & Office,Letter Size…</p><p> -11% 0FF </p><p>$7.99</p><a href="https://www.amazon.com/dp/B0CPDTKFVF?tag=eloabder-20&linkCode=osi&th=1&psc=1">View Product</a></div>
<div class="product"><a href="https://www.amazon.com/dp/B0CSPT4RFH?tag=eloabder-20&linkCode=osi&th=1&psc=1"><img src="https://m.media-amazon.com/images/I/31O8kdFg7FL._SL500_.jpg" alt="Product Image"></a><p>Two Tone Color File Folders 8.5 x 11 Inch, 1/3 Cut Tab File Folders Letter Size, Assorted Colors, Blue Red Green Yellow Orange Manila File Folders, School Business Office Folders for Document -15 Pack</p><p> -13% 0FF </p><p>$6.99</p><a href="https://www.amazon.com/dp/B0CSPT4RFH?tag=eloabder-20&linkCode=osi&th=1&psc=1">View Product</a></div><div class="product"><a href="https://www.amazon.com/dp/B01MXC0YS5?tag=eloabder-20&linkCode=osi&th=1&psc=1"><img src="https://m.media-amazon.com/images/I/41YLerNwKTL._SL500_.jpg" alt="Product Image"></a><p>Pendaflex Hanging File Folders, Letter Size, Assorted Colors, 1/5-Cut Adjustable Tabs, 25 Per Box (81663)</p><p> -7% 0FF </p><p>$13.99</p><a href="https://www.amazon.com/dp/B01MXC0YS5?tag=eloabder-20&linkCode=osi&th=1&psc=1">View Product</a></div><div class="product"><a href="https://www.amazon.com/dp/B0896Q5MMC?tag=eloabder-20&linkCode=osi&th=1&psc=1"><img src="https://m.media-amazon.com/images/I/41jDOLSqtWL._SL500_.jpg" alt="Product Image"></a><p>Pendaflex Two Tone Color File Folders, Letter Size, Assorted Colors (Teal, Violet, Gray, Navy and Burgundy), 1/3-Cut Tabs, 5 Color, 100/Box, (02315)</p><p> -27% 0FF </p><p>$13.89</p><a href="https://www.amazon.com/dp/B0896Q5MMC?tag=eloabder-20&linkCode=osi&th=1&psc=1">View Product</a></div><div class="product"><a href="https://www.amazon.com/dp/B0D1YCC6KK?tag=eloabder-20&linkCode=osi&th=1&psc=1"><img src="https://m.media-amazon.com/images/I/31aHHvZVc+L._SL500_.jpg" alt="Product Image"></a><p>SUNEE File Folders, 30 Pack Manilla Folders 8.5 x 11, Colored File Folders Home Office School Supplies for Documents Files Paper,6 Pastel Colors</p><p> -26% 0FF </p><p>$9.99</p><a href="https://www.amazon.com/dp/B0D1YCC6KK?tag=eloabder-20&linkCode=osi&th=1&psc=1">View Product</a></div>
<div class="product"><a href="https://www.amazon.com/dp/B0FGXLHFDD?tag=eloabder-20&linkCode=osi&th=1&psc=1"><img src="https://m.media-amazon.com/images/I/414ng1TKsOL._SL500_.jpg" alt="Product Image"></a><p>Trandraft Plastic Extra Capacity Hanging File Folders, 5 Inch Expanding Pocket with Movable Dividers, Letter Size Black File Folders with Insertable Tabs for Filing Cabine</p><p> -5% 0FF </p><p>$18.99</p><a href="https://www.amazon.com/dp/B0FGXLHFDD?tag=eloabder-20&linkCode=osi&th=1&psc=1">View Product</a></div><div class="product"><a href="https://www.amazon.com/dp/B08QTW4GJT?tag=eloabder-20&linkCode=osi&th=1&psc=1"><img src="https://m.media-amazon.com/images/I/41OVgNttdnL._SL500_.jpg" alt="Product Image"></a><p>Pendaflex Reinforced Hanging Folders, Letter Size, Assorted Colors 1/5 Cut, Tabs and Inserts, 25 Per Box (41522AMZ)</p><p> -32% 0FF </p><p>$13.99</p><a href="https://www.amazon.com/dp/B08QTW4GJT?tag=eloabder-20&linkCode=osi&th=1&psc=1">View Product</a></div><div class="product"><a href="https://www.amazon.com/dp/B07Y67ZCJS?tag=eloabder-20&linkCode=osi&th=1&psc=1"><img src="https://m.media-amazon.com/images/I/51g37Wkw2CL._SL500_.jpg" alt="Product Image"></a><p>EASEPRES 5 Pocket Mesh Hanging Wall File Organizer, Wall Mounted Mail Paper Document Folder Holder, Clipboard Storage Organization Magazine Rack with Nametag Label for Office Home School, Black</p><p> -30% 0FF </p><p>$22.99</p><a href="https://www.amazon.com/dp/B07Y67ZCJS?tag=eloabder-20&linkCode=osi&th=1&psc=1">View Product</a></div><div class="product"><a href="https://www.amazon.com/dp/B0CGWNNBCV?tag=eloabder-20&linkCode=osi&th=1&psc=1"><img src="https://m.media-amazon.com/images/I/31SGzCfPDcL._SL500_.jpg" alt="Product Image"></a><p>SUNEE 25 Count Hanging File Folders, Pastel Colors, Hanging File Folders Letter Size, Hanging Folders with 1/5-cut Tabs, Designed for Bulky Files, Filing Cabinets, Medical Charts</p><p> -15% 0FF </p><p>$16.99</p><a href="https://www.amazon.com/dp/B0CGWNNBCV?tag=eloabder-20&linkCode=osi&th=1&psc=1">View Product</a></div><div class="product"><a href="https://www.amazon.com/dp/B00006IF4G?tag=eloabder-20&linkCode=osi&th=1&psc=1"><img src="https://m.media-amazon.com/images/I/31LuYqWSObL._SL500_.jpg" alt="Product Image"></a><p>Smead Standard Hanging File Folders, 25 Count, Assorted Primaries, 1/5-Cut Adjustable Tabs, Letter Size (64059)</p><p> -7% 0FF </p><p>$13.55</p><a href="https://www.amazon.com/dp/B00006IF4G?tag=eloabder-20&linkCode=osi&th=1&psc=1">View Product</a></div>
<div class="product"><a href="https://www.amazon.com/dp/B0C77GP9XB?tag=eloabder-20&linkCode=osi&th=1&psc=1"><img src="https://m.media-amazon.com/images/I/415Jszg3LKL._SL500_.jpg" alt="Product Image"></a><p>SKYDUE Expanding File Organizer with 8 Pockets, Accordion File Folders with Labels, Portable Document Paper Bill Receipt Organizer, Home College School Office Supplies, Letter Size, Blue</p><p> -13% 0FF </p><p>$6.98</p><a href="https://www.amazon.com/dp/B0C77GP9XB?tag=eloabder-20&linkCode=osi&th=1&psc=1">View Product</a></div><div class="product"><a href="https://www.amazon.com/dp/B0013CETUQ?tag=eloabder-20&linkCode=osi&th=1&psc=1"><img src="https://m.media-amazon.com/images/I/51GxTzd4XbL._SL500_.jpg" alt="Product Image"></a><p>Pendaflex R217DHD Heavy-Duty Expanding Open Top File, 31 Pockets, 1/3 Tab, Letter, Brown</p><p> -36% 0FF </p><p>$15.90</p><a href="https://www.amazon.com/dp/B0013CETUQ?tag=eloabder-20&linkCode=osi&th=1&psc=1">View Product</a></div><div class="product"><a href="https://www.amazon.com/dp/B000UHJCZC?tag=eloabder-20&linkCode=osi&th=1&psc=1"><img src="https://m.media-amazon.com/images/I/31bbG1gUU2L._SL500_.jpg" alt="Product Image"></a><p>Pendaflex Expanding File Pockets, Letter Size, Redrope, 3.5" Expansion, Reinforced with DuPont™ Tyvek® Material, Redrope, 25 per Box (1524E-OX)</p><p> -9% 0FF </p><p>$27.37</p><a href="https://www.amazon.com/dp/B000UHJCZC?tag=eloabder-20&linkCode=osi&th=1&psc=1">View Product</a></div><div class="product"><a href="https://www.amazon.com/dp/B000FD9YHM?tag=eloabder-20&linkCode=osi&th=1&psc=1"><img src="https://m.media-amazon.com/images/I/511Yz6zbRaL._SL500_.jpg" alt="Product Image"></a><p>Pendaflex Heavy Duty Expanding File with Extra-Thick Cover, Tyvek Reinforced Edges, 21 Pockets, A–Z Tabs, Elastic Cord Closure, Letter Size (R117ALHD),Brown</p><p> -14% 0FF </p><p>$14.99</p><a href="https://www.amazon.com/dp/B000FD9YHM?tag=eloabder-20&linkCode=osi&th=1&psc=1">View Product</a></div>
<div class="product"><a href="https://www.amazon.com/dp/B07GKPZDG4?tag=eloabder-20&linkCode=osi&th=1&psc=1"><img src="https://m.media-amazon.com/images/I/51sUuF8kU-L._SL500_.jpg" alt="Product Image"></a><p>Cardinal Economy 3 Ring Binder, 1.5 Inch, Presentation View, Black, Holds 350 Sheets, Nonstick, PVC Free, 4 Pack of Binders (79519)</p><p> -42% 0FF </p><p>$9.19</p><a href="https://www.amazon.com/dp/B07GKPZDG4?tag=eloabder-20&linkCode=osi&th=1&psc=1">View Product</a></div><div class="product"><a href="https://www.amazon.com/dp/B0BF57LL4V?tag=eloabder-20&linkCode=osi&th=1&psc=1"><img src="https://m.media-amazon.com/images/I/317fBolZ+4L._SL500_.jpg" alt="Product Image"></a><p>1-inch 3 Ring Binder with 2 Interior Pockets, 1'' Basic Binders Holds US Letter Size 8.5'' x 11'' Paper - Versatile Binders for Office, Home, and School Use, 6 Pack (White)</p><p> -15% 0FF </p><p>$24.64</p><a href="https://www.amazon.com/dp/B0BF57LL4V?tag=eloabder-20&linkCode=osi&th=1&psc=1">View Product</a></div><div class="product"><a href="https://www.amazon.com/dp/B0BXKQ7YTW?tag=eloabder-20&linkCode=osi&th=1&psc=1"><img src="https://m.media-amazon.com/images/I/416TyBdEZYL._SL500_.jpg" alt="Product Image"></a><p>SUNEE 3 Ring Binder 1 Inch 4 Pack, Clear View 1" Binders Three Ring PVC-Free (Fit 8.5x11 Inches) for School or Office Supplies, Assorted Pastel</p><p> -17% 0FF </p><p>$14.85</p><a href="https://www.amazon.com/dp/B0BXKQ7YTW?tag=eloabder-20&linkCode=osi&th=1&psc=1">View Product</a></div><div class="product"><a href="https://www.amazon.com/dp/B0D2ZF8FHZ?tag=eloabder-20&linkCode=osi&th=1&psc=1"><img src="https://m.media-amazon.com/images/I/31smaJgK7vL._SL500_.jpg" alt="Product Image"></a><p>BinderX Extra Durable 3 Ring Binder, Round Rings 1 Inch Binder, Fits 175 Sheets of 8.5x11 Paper, Customizable View Cover with Inside Pockets, Cute 1" Binders, 1 Inch Binders 3 Ring, Pink</p><p> -36% 0FF </p><p>$8.99</p><a href="https://www.amazon.com/dp/B0D2ZF8FHZ?tag=eloabder-20&linkCode=osi&th=1&psc=1">View Product</a></div><div class="product"><a href="https://www.amazon.com/dp/B001B0GJDU?tag=eloabder-20&linkCode=osi&th=1&psc=1"><img src="https://m.media-amazon.com/images/I/41vpkaYBqsL._SL500_.jpg" alt="Product Image"></a><p>Avery Heavy-Duty View 3 Ring Binder, 1" One Touch Slant Rings, Holds 8.5" x 11" Paper, 1 Black Binder (05300)</p><p> -46% 0FF </p><p>$5.89</p><a href="https://www.amazon.com/dp/B001B0GJDU?tag=eloabder-20&linkCode=osi&th=1&psc=1">View Product</a></div>
<div class="product"><a href="https://www.amazon.com/dp/B092CM3KVX?tag=eloabder-20&linkCode=osi&th=1&psc=1"><img src="https://m.media-amazon.com/images/I/51kltWaLgmL._SL500_.jpg" alt="Product Image"></a><p>Avery Write & Erase Dividers for 3 Ring Binders, 8 Tabs per Set, Multicolor Big Tabs, Pastels, Binder Dividers Great for Organizing Reports, Projects, and More (16271)</p><p> -31% 0FF </p><p>$3.90</p><a href="https://www.amazon.com/dp/B092CM3KVX?tag=eloabder-20&linkCode=osi&th=1&psc=1">View Product</a></div><div class="product"><a href="https://www.amazon.com/dp/B08WBYPVGJ?tag=eloabder-20&linkCode=osi&th=1&psc=1"><img src="https://m.media-amazon.com/images/I/31NPQ52TfAL._SL500_.jpg" alt="Product Image"></a><p>Oxford Blank Write On Binder Dividers, 1/5 Cut Tabs, 3 Hole Punch Dividers in 5 Tab Sets, 100 Dividers, 20 Sets, White (89981)</p><p> -5% 0FF </p><p>$15.19</p><a href="https://www.amazon.com/dp/B08WBYPVGJ?tag=eloabder-20&linkCode=osi&th=1&psc=1">View Product</a></div><div class="product"><a href="https://www.amazon.com/dp/B0CZL39ZHS?tag=eloabder-20&linkCode=osi&th=1&psc=1"><img src="https://m.media-amazon.com/images/I/41APO6LBeCL._SL500_.jpg" alt="Product Image"></a><p>Forvencer 8 Count Dividers with Two Pockets, 8 tabs Binder Dividers for 3 Ring Binder Organizer, Multicolor, 1 Set</p><p> -25% 0FF </p><p>$5.99</p><a href="https://www.amazon.com/dp/B0CZL39ZHS?tag=eloabder-20&linkCode=osi&th=1&psc=1">View Product</a></div><div class="product"><a href="https://www.amazon.com/dp/B01FKMCNL6?tag=eloabder-20&linkCode=osi&th=1&psc=1"><img src="https://m.media-amazon.com/images/I/510vgT9G85L._SL500_.jpg" alt="Product Image"></a><p>Avery Binder Dividers - 5-Tab Insertable Multicolor Big Tabs for Binders, 6 Sets of Dividers (11109)</p><p> -11% 0FF </p><p>$5.78</p><a href="https://www.amazon.com/dp/B01FKMCNL6?tag=eloabder-20&linkCode=osi&th=1&psc=1">View Product</a></div><div class="product"><a href="https://www.amazon.com/dp/B0CQ4YNHX8?tag=eloabder-20&linkCode=osi&th=1&psc=1"><img src="https://m.media-amazon.com/images/I/315hb+NtGGL._SL500_.jpg" alt="Product Image"></a><p>Binder Dividers for 3 Ring Binder, 1/5 Cut Tabs, Letter Size, Blank Write On Page Dividers with 5 Big Tabs for School Office Home, 4 Sets, 20 Dividers, White</p><p> -14% 0FF </p><p>$5.98</p><a href="https://www.amazon.com/dp/B0CQ4YNHX8?tag=eloabder-20&linkCode=osi&th=1&psc=1">View Product</a></div><div class="product"><a href="https://www.amazon.com/dp/B01HC4KIVW?tag=eloabder-20&linkCode=osi&th=1&psc=1"><img src="https://m.media-amazon.com/images/I/412g1OcKv-L._SL500_.jpg" alt="Product Image"></a><p>Avery Big Tab Write & Erase Durable Plastic Dividers for 3 Ring Binders, 8-Tab Set, Bright Multicolor, 1 Set (16130)</p><p> -23% 0FF </p><p>$4.33</p><a href="https://www.amazon.com/dp/B01HC4KIVW?tag=eloabder-20&linkCode=osi&th=1&psc=1">View Product</a></div><div class="product"><a href="https://www.amazon.com/dp/B0000AQOB0?tag=eloabder-20&linkCode=osi&th=1&psc=1"><img src="https://m.media-amazon.com/images/I/51ek4ZNke4L._SL500_.jpg" alt="Product Image"></a><p>Avery 12 Tab Dividers for 3 Ring Binders, Customizable Table of Contents, Multicolor Tabs, 6 Sets (11196)</p><p> -36% 0FF </p><p>$17.99</p><a href="https://www.amazon.com/dp/B0000AQOB0?tag=eloabder-20&linkCode=osi&th=1&psc=1">View Product</a></div>
<div class="product"><a href="https://www.amazon.com/dp/B07R795LTM?tag=eloabder-20&linkCode=osi&th=1&psc=1"><img src="https://m.media-amazon.com/images/I/31OAmU6E5kL._SL500_.jpg" alt="Product Image"></a><p>Amazon Basics Polypropylene (PP) Sheet Protector, Non-Glare, 200 Pack, Clear</p><p> -13% 0FF </p><p>$10.40</p><a href="https://www.amazon.com/dp/B07R795LTM?tag=eloabder-20&linkCode=osi&th=1&psc=1">View Product</a></div><div class="product"><a href="https://www.amazon.com/dp/B0D62ZBV24?tag=eloabder-20&linkCode=osi&th=1&psc=1"><img src="https://m.media-amazon.com/images/I/41n9XbYoyhL._SL500_.jpg" alt="Product Image"></a><p>Aegero 65 Pack Clear Sheet Protectors, 8.5 x 11 inch Page Protectors for 3 Ring Binder,Top Loading Paper Protector for Documents and Photos,Letter Size</p><p> -20% 0FF </p><p>$3.99</p><a href="https://www.amazon.com/dp/B0D62ZBV24?tag=eloabder-20&linkCode=osi&th=1&psc=1">View Product</a></div><div class="product"><a href="https://www.amazon.com/dp/B08CMG5MCB?tag=eloabder-20&linkCode=osi&th=1&psc=1"><img src="https://m.media-amazon.com/images/I/410BZVBSLLL._SL500_.jpg" alt="Product Image"></a><p>Sheet Protectors, PANDRI 500 Pack Clear Heavy Duty Plastic Page Protectors Sheet Reinforced 11-Hole Fit for 3 Ring Binder Fits Standard 8.5 x 11 Paper, 9.25 x 11.25 Top Loaded, Excluding Acid</p><p> -15% 0FF </p><p>$22.94</p><a href="https://www.amazon.com/dp/B08CMG5MCB?tag=eloabder-20&linkCode=osi&th=1&psc=1">View Product</a></div><div class="product"><a href="https://www.amazon.com/dp/B0DZ6J73VW?tag=eloabder-20&linkCode=osi&th=1&psc=1"><img src="https://m.media-amazon.com/images/I/41NNzcs8bsL._SL500_.jpg" alt="Product Image"></a><p>TUOKCALB 50 Pack Clear Sheet Protectors for 3 Ring Binder, Polypropylene Acid-Free Material, 8.5 x 11 Inch Letter Size, Protector of Your Documents</p><p> -18% 0FF </p><p>$3.29</p><a href="https://www.amazon.com/dp/B0DZ6J73VW?tag=eloabder-20&linkCode=osi&th=1&psc=1">View Product</a></div><div class="product"><a href="https://www.amazon.com/dp/B0D294F9GZ?tag=eloabder-20&linkCode=osi&th=1&psc=1"><img src="https://m.media-amazon.com/images/I/41szN7I4ozL._SL500_.jpg" alt="Product Image"></a><p>Sheet Protectors 8.5 x11 Inch, 100 Pack Page Protectors for 3 Ring Binder, Top Loading Plastic Sleeves with Reinforced 3-Hole Punch for Binders, Letter Size, for Documents and Photos, Office Supplies.</p><p> -23% 0FF </p><p>$9.99</p><a href="https://www.amazon.com/dp/B0D294F9GZ?tag=eloabder-20&linkCode=osi&th=1&psc=1">View Product</a></div><div class="product"><a href="https://www.amazon.com/dp/B0D59XF4D3?tag=eloabder-20&linkCode=osi&th=1&psc=1"><img src="https://m.media-amazon.com/images/I/41EpBhN87iL._SL500_.jpg" alt="Product Image"></a><p>DOSEWART 70Pack Sheet Protectors, Clear Heavy Duty Plastic Page Protectors for 3 Ring Binder, Top Loading Sheet Protectors 8.5 x 11” for Photo, Paper, Document Protector</p><p> -43% 0FF </p><p>$3.99</p><a href="https://www.amazon.com/dp/B0D59XF4D3?tag=eloabder-20&linkCode=osi&th=1&psc=1">View Product</a></div>
<div class="product"><a href="https://www.amazon.com/dp/B000T9MP5U?tag=eloabder-20&linkCode=osi&th=1&psc=1"><img src="https://m.media-amazon.com/images/I/41zOycTbMML._SL500_.jpg" alt="Product Image"></a><p>Mead #10 Security Business Envelopes Letter Size 4-1/8" x 9-1/2" – Peel and Seal, Privacy Lined, No-Window, Press-It Seal-It Self-Adhesive for Home & Office Mailing, 45 Count (75026)</p><p> -13% 0FF </p><p>$3.57</p><a href="https://www.amazon.com/dp/B000T9MP5U?tag=eloabder-20&linkCode=osi&th=1&psc=1">View Product</a></div><div class="product"><a href="https://www.amazon.com/dp/B06VVLD2GL?tag=eloabder-20&linkCode=osi&th=1&psc=1"><img src="https://m.media-amazon.com/images/I/11zBoWnx9uL._SL500_.jpg" alt="Product Image"></a><p>Amazon Basics 10 Security-Tinted Self-Seal Business Letter Envelopes, Peel & Seal Adhesive Closure, White, 500-Pack</p><p> -5% 0FF </p><p>$18.04</p><a href="https://www.amazon.com/dp/B06VVLD2GL?tag=eloabder-20&linkCode=osi&th=1&psc=1">View Product</a></div><div class="product"><a href="https://www.amazon.com/dp/B07FMDV5LR?tag=eloabder-20&linkCode=osi&th=1&psc=1"><img src="https://m.media-amazon.com/images/I/41jTu3FDgaL._SL500_.jpg" alt="Product Image"></a><p>Quality Park #6 3/4 Self-Seal Security Envelopes, Security Tint and Pattern, Redi-Strip Closure, 24-lb White Wove, 3-5/8 x 6-1/2, 100/Box (QUA10417)</p><p> -23% 0FF </p><p>$4.99</p><a href="https://www.amazon.com/dp/B07FMDV5LR?tag=eloabder-20&linkCode=osi&th=1&psc=1">View Product</a></div>
<div class="product"><a href="https://www.amazon.com/dp/B00004Z5SM?tag=eloabder-20&linkCode=osi&th=1&psc=1"><img src="https://m.media-amazon.com/images/I/41LHX+FB2PL._SL500_.jpg" alt="Product Image"></a><p>Avery Easy Peel Printable Address Labels with Sure Feed, 1" x 2-5/8" Customizable Stickers, White, 750 Blank Mailing Labels, Great for Mailing, Shipping, and More (8160)</p><p> -48% 0FF </p><p>$8.99</p><a href="https://www.amazon.com/dp/B00004Z5SM?tag=eloabder-20&linkCode=osi&th=1&psc=1">View Product</a></div><div class="product"><a href="https://www.amazon.com/dp/B089LHX8Q6?tag=eloabder-20&linkCode=osi&th=1&psc=1"><img src="https://m.media-amazon.com/images/I/41+HcHENwbL._SL500_.jpg" alt="Product Image"></a><p>KKBESTPACK Half Sheet Shipping Labels for Laser and Inkjet Printers – 2 Per Page Self Adhesive Mailing Labels – White 8.5 x 5.5 (200 Labels) (2LP)</p><p> -10% 0FF </p><p>$9.86</p><a href="https://www.amazon.com/dp/B089LHX8Q6?tag=eloabder-20&linkCode=osi&th=1&psc=1">View Product</a></div><div class="product"><a href="https://www.amazon.com/dp/B001SN8ITI?tag=eloabder-20&linkCode=osi&th=1&psc=1"><img src="https://m.media-amazon.com/images/I/51vJip236KL._SL500_.jpg" alt="Product Image"></a><p>Avery Easy Peel Printable Address Labels with Sure Feed, 1" x 2-5/8" Customizable Stickers, White, 300 Blank Mailing Labels, Great for Mailing, Shipping, and More (18160)</p><p> -38% 0FF </p><p>$5.54</p><a href="https://www.amazon.com/dp/B001SN8ITI?tag=eloabder-20&linkCode=osi&th=1&psc=1">View Product</a></div><div class="product"><a href="https://www.amazon.com/dp/B0C2P8YTW2?tag=eloabder-20&linkCode=osi&th=1&psc=1"><img src="https://m.media-amazon.com/images/I/51EeHFqmTKL._SL500_.jpg" alt="Product Image"></a><p>FungLam 1" x 2-5/8" Shipping Address Labels 900 Label Stickers Paper for Laser/Inkjet Printer 30 per Page Printable Mailing Labels (30 Sheets, 900 Labels)</p><p> -25% 0FF </p><p>$5.99</p><a href="https://www.amazon.com/dp/B0C2P8YTW2?tag=eloabder-20&linkCode=osi&th=1&psc=1">View Product</a></div>
<div class="product"><a href="https://www.amazon.com/dp/B07X41JJXB?tag=eloabder-20&linkCode=osi&th=1&psc=1"><img src="https://m.media-amazon.com/images/I/31V4rpfdGtL._SL500_.jpg" alt="Product Image"></a><p>KKBESTPACK 100 Large Poly Mailers 10x13 Shipping Bags for Small Business – Self Sealing Package Envelopes (10 x 13 Pack of 100, Black)</p><p> -10% 0FF </p><p>$8.94 ($0.09 / Count)</p><a href="https://www.amazon.com/dp/B07X41JJXB?tag=eloabder-20&linkCode=osi&th=1&psc=1">View Product</a></div><div class="product"><a href="https://www.amazon.com/dp/B08C9T3997?tag=eloabder-20&linkCode=osi&th=1&psc=1"><img src="https://m.media-amazon.com/images/I/41CMEDIsQEL._SL500_.jpg" alt="Product Image"></a><p>Anylabel 2" x 3" Fragile Stickers for Shipping and Moving Please Handle with Care Fragile Thank You Do Not Drop, Warning Stickers Fragile Labels, Permanent Adhesive(500 Labels, 1 Roll)</p><p> -33% 0FF </p><p>$5.99</p><a href="https://www.amazon.com/dp/B08C9T3997?tag=eloabder-20&linkCode=osi&th=1&psc=1">View Product</a></div>

<div class="product"><a href="https://www.amazon.com/dp/B07S1JPBL3?tag=eloabder-20&linkCode=osi&th=1&psc=1"><img src="https://m.media-amazon.com/images/I/31f-QQIYroL._SL500_.jpg" alt="Product Image"></a><p>Amazon Basics Bubble Cushioning Wrap Packing Material for Fragile Items, Perforated, 12 inch x 175 ft Long Roll, Small 3/16", Clear</p><p> -6% 0FF </p><p>$21.99</p><a href="https://www.amazon.com/dp/B07S1JPBL3?tag=eloabder-20&linkCode=osi&th=1&psc=1">View Product</a></div><div class="product"><a href="https://www.amazon.com/dp/B0829D1D7V?tag=eloabder-20&linkCode=osi&th=1&psc=1"><img src="https://m.media-amazon.com/images/I/41azI2zaEYL._SL500_.jpg" alt="Product Image"></a><p>Bubble Cushioning Wrap Rolls, 3/16" x 12" x 72' ft Total [2 Rolls of 36 Feet] Perforated Every 12", 20 Fragile Stickers for Packaging, Shipping, Mailing</p><p> -14% 0FF </p><p>$18.99 ($9.50 / Count)</p><a href="https://www.amazon.com/dp/B0829D1D7V?tag=eloabder-20&linkCode=osi&th=1&psc=1">View Product</a></div><div class="product"><a href="https://www.amazon.com/dp/B011TB3UF0?tag=eloabder-20&linkCode=osi&th=1&psc=1"><img src="https://m.media-amazon.com/images/I/413RZYGr8kL._SL500_.jpg" alt="Product Image"></a><p>Duck Brand Bubble Wrap Original Protective Packaging, 12 Inches Wide x 30-Feet Long, Single Roll (393251), Clear</p><p> -26% 0FF </p><p>$8.85 ($0.30 / Sq Ft)</p><a href="https://www.amazon.com/dp/B011TB3UF0?tag=eloabder-20&linkCode=osi&th=1&psc=1">View Product</a></div>
<div class="product"><a href="https://www.amazon.com/dp/B016CV811U?tag=eloabder-20&linkCode=osi&th=1&psc=1"><img src="https://m.media-amazon.com/images/I/21hieSulLcL._SL500_.jpg" alt="Product Image"></a><p>MFLABEL Half Sheet Shipping Labels - 200 Self Adhesive Sticker Sheets for Laser & Inkjet Printers, Waterproof & Smudge-Free, with 12 Free Fragile Labels for Packaging, Shipping and Crafting</p><p> -5% 0FF </p><p>$9.49</p><a href="https://www.amazon.com/dp/B016CV811U?tag=eloabder-20&linkCode=osi&th=1&psc=1">View Product</a></div><div class="product"><a href="https://www.amazon.com/dp/B000093IJY?tag=eloabder-20&linkCode=osi&th=1&psc=1"><img src="https://m.media-amazon.com/images/I/51QdWTqr3AL._SL500_.jpg" alt="Product Image"></a><p>Avery Printable Shipping Labels with Sure Feed, 3-1/3" x 4", White, 150 Blank Mailing Labels (5264)</p><p> -20% 0FF </p><p>$13.62</p><a href="https://www.amazon.com/dp/B000093IJY?tag=eloabder-20&linkCode=osi&th=1&psc=1">View Product</a></div>
<div class="product"><a href="https://www.amazon.com/dp/B0B41X9SMT?tag=eloabder-20&linkCode=osi&th=1&psc=1"><img src="https://m.media-amazon.com/images/I/41CPFzKfW6L._SL500_.jpg" alt="Product Image"></a><p>Primy Drafting Chair Tall Office Chair with Flip-up Armrests Executive Ergonomic Computer Standing Desk Chair with Lumbar Support and Adjustable Footrest Ring (Black)</p><p> -16% 0FF </p><p>$108.96</p><a href="https://www.amazon.com/dp/B0B41X9SMT?tag=eloabder-20&linkCode=osi&th=1&psc=1">View Product</a></div><div class="product"><a href="https://www.amazon.com/dp/B0BFQX3YFY?tag=eloabder-20&linkCode=osi&th=1&psc=1"><img src="https://m.media-amazon.com/images/I/51+-fixEMUL._SL500_.jpg" alt="Product Image"></a><p>BlissTrends Foot Rest for Under Desk at Work-Versatile Foot Stool with Washable Cover-Comfortable Footrest with 2 Adjustable Heights for Car,Home and Office to Relieve Back,Lumbar,Knee Pain-Black</p><p> -39% 0FF </p><p>$18.99</p><a href="https://www.amazon.com/dp/B0BFQX3YFY?tag=eloabder-20&linkCode=osi&th=1&psc=1">View Product</a></div>
<div class="product"><a href="https://www.amazon.com/dp/B0CT8ZJ7ZC?tag=eloabder-20&linkCode=osi&th=1&psc=1"><img src="https://m.media-amazon.com/images/I/311UeVa48fL._SL500_.jpg" alt="Product Image"></a><p>HP OfficeJet Pro 8125e Wireless All-in-One Color Inkjet Printer, Print, scan, Copy, ADF, Duplex Printing Best-for-Home Office, 3 Month Instant Ink Trial Included, AI-Enabled (405T6A)</p><p> -21% 0FF </p><p>$109.99</p><a href="https://www.amazon.com/dp/B0CT8ZJ7ZC?tag=eloabder-20&linkCode=osi&th=1&psc=1">View Product</a></div><div class="product"><a href="https://www.amazon.com/dp/B0F1NJ75D5?tag=eloabder-20&linkCode=osi&th=1&psc=1"><img src="https://m.media-amazon.com/images/I/31pX+mOBu5L._SL500_.jpg" alt="Product Image"></a><p>HP DeskJet 2827e Wireless All-in-One Color Inkjet Printer, Scanner, Copier, Best-for-Home, 3 Month Instant Ink Trial Included, AI-Enabled (6W7F5A)</p><p> -41% 0FF </p><p>$49.99</p><a href="https://www.amazon.com/dp/B0F1NJ75D5?tag=eloabder-20&linkCode=osi&th=1&psc=1">View Product</a></div><div class="product"><a href="https://www.amazon.com/dp/B096N8DN2H?tag=eloabder-20&linkCode=osi&th=1&psc=1"><img src="https://m.media-amazon.com/images/I/316Ru3Zv4bL._SL500_.jpg" alt="Product Image"></a><p>Epson EcoTank ET-2800 Wireless Color All-in-One Cartridge-Free Supertank Printer with Scan and Copy â€“ The Ideal Basic Home Printer - Black, Medium</p><p> -25% 0FF </p><p>$179.99</p><a href="https://www.amazon.com/dp/B096N8DN2H?tag=eloabder-20&linkCode=osi&th=1&psc=1">View Product</a></div><div class="product"><a href="https://www.amazon.com/dp/B0FGC43YCL?tag=eloabder-20&linkCode=osi&th=1&psc=1"><img src="https://m.media-amazon.com/images/I/41LqmhjzXHL._SL500_.jpg" alt="Product Image"></a><p>Brother Work Smart 1360 Wireless Color Inkjet All-in-One Printer with Automatic Duplex Printing and 1.8” Color Display | Includes Refresh Subscription Trial(1) (MFC-J1360DW) (Uses LC501 Series Inks)</p><p> -18% 0FF </p><p>$89.99</p><a href="https://www.amazon.com/dp/B0FGC43YCL?tag=eloabder-20&linkCode=osi&th=1&psc=1">View Product</a></div><div class="product"><a href="https://www.amazon.com/dp/B0D1DV6FV5?tag=eloabder-20&linkCode=osi&th=1&psc=1"><img src="https://m.media-amazon.com/images/I/31-ZgpCGxiL._SL500_.jpg" alt="Product Image"></a><p>Canon PIXMA TS3720 Wireless All-in-One Printer (6671C022)</p><p> -38% 0FF </p><p>$54.00</p><a href="https://www.amazon.com/dp/B0D1DV6FV5?tag=eloabder-20&linkCode=osi&th=1&psc=1">View Product</a></div><div class="product"><a href="https://www.amazon.com/dp/B0BSMSYM9N?tag=eloabder-20&linkCode=osi&th=1&psc=1"><img src="https://m.media-amazon.com/images/I/31jPKfRqWSL._SL500_.jpg" alt="Product Image"></a><p>Canon MegaTank G3270 All-in-One Wireless Inkjet Printer. for Home Use, Print, Scan and Copy</p><p> -36% 0FF </p><p>$159.99</p><a href="https://www.amazon.com/dp/B0BSMSYM9N?tag=eloabder-20&linkCode=osi&th=1&psc=1">View Product</a></div>
<div class="product"><a href="https://www.amazon.com/dp/B0010JEJPC?tag=eloabder-20&linkCode=osi&th=1&psc=1"><img src="https://m.media-amazon.com/images/I/41O8Dj93QSL._SL500_.jpg" alt="Product Image"></a><p>Scotch TL901X Thermal Laminator, 1 Laminating Machine, Gray, Laminate School Assignments and Documents, for Dorm Room or School Supplies, 9 in.</p><p> -8% 0FF </p><p>$36.67</p><a href="https://www.amazon.com/dp/B0010JEJPC?tag=eloabder-20&linkCode=osi&th=1&psc=1">View Product</a></div><div class="product"><a href="https://www.amazon.com/dp/B0FRY6Z23J?tag=eloabder-20&linkCode=osi&th=1&psc=1"><img src="https://m.media-amazon.com/images/I/510BRY6bwzL._SL500_.jpg" alt="Product Image"></a><p>A3 Laminator Machine,13 Inch 9-in-1 Laminating Machine with Laminating Sheets,Thermal Laminator Hot & Cold with Fast Warm Technology for Home,Office or School Supplies(Black)</p><p> -80% 0FF </p><p>$49.99</p><a href="https://www.amazon.com/dp/B0FRY6Z23J?tag=eloabder-20&linkCode=osi&th=1&psc=1">View Product</a></div><div class="product"><a href="https://www.amazon.com/dp/B00CLV8ZIU?tag=eloabder-20&linkCode=osi&th=1&psc=1"><img src="https://m.media-amazon.com/images/I/414Ubx6GcML._SL500_.jpg" alt="Product Image"></a><p>Scotch PRO TL906 Thermal, Laminator Machine, 1 Laminating Device, White/Blue, Laminate Recipe Cards, Photos, Documents, for Home, Office, or School Supplies, 9 in</p><p> -42% 0FF </p><p>$43.80</p><a href="https://www.amazon.com/dp/B00CLV8ZIU?tag=eloabder-20&linkCode=osi&th=1&psc=1">View Product</a></div><div class="product"><a href="https://www.amazon.com/dp/B0CGC1WTV1?tag=eloabder-20&linkCode=osi&th=1&psc=1"><img src="https://m.media-amazon.com/images/I/41znZqCgzkL._SL500_.jpg" alt="Product Image"></a><p>Scotch Thermal Laminator, Extra Wide 13 Inch Input, Ideal for Teachers, Small Offices, or Home (TL1302X)</p><p> -24% 0FF </p><p>$47.58</p><a href="https://www.amazon.com/dp/B0CGC1WTV1?tag=eloabder-20&linkCode=osi&th=1&psc=1">View Product</a></div><div class="product"><a href="https://www.amazon.com/dp/B0FFSRRYQQ?tag=eloabder-20&linkCode=osi&th=1&psc=1"><img src="https://m.media-amazon.com/images/I/41n+2Vb8m2L._SL500_.jpg" alt="Product Image"></a><p>Laminator Machine, A4 Laminators Hot & Cold with 20 Laminating Sheets and Trimmer, 9 Inch Laminating Machine for Office, School, Business and Home</p><p> -57% 0FF </p><p>$29.99</p><a href="https://www.amazon.com/dp/B0FFSRRYQQ?tag=eloabder-20&linkCode=osi&th=1&psc=1">View Product</a></div><div class="product"><a href="https://www.amazon.com/dp/B007VBXB48?tag=eloabder-20&linkCode=osi&th=1&psc=1"><img src="https://m.media-amazon.com/images/I/41h-uQWFewL._SL500_.jpg" alt="Product Image"></a><p>Scotch Thermal Laminating Pouches, for Use with Thermal Laminators, 8.9 x 11.4 Inches, Letter Size Sheets, 100-Pack</p><p> -43% 0FF </p><p>$11.37</p><a href="https://www.amazon.com/dp/B007VBXB48?tag=eloabder-20&linkCode=osi&th=1&psc=1">View Product</a></div>
<div class="product"><a href="https://www.amazon.com/dp/B0CZP66BTJ?tag=eloabder-20&linkCode=osi&th=1&psc=1"><img src="https://m.media-amazon.com/images/I/410wj1x5eIL._SL500_.jpg" alt="Product Image"></a><p>Sweetcrispy Ergonomic Office Chair Heavy Duty Task Desk Chair with Flip-up Arms, PU Leather, Adjustable Swivel Rolling Chair with Wheels, Beige</p><p> -18% 0FF </p><p>$89.99</p><a href="https://www.amazon.com/dp/B0CZP66BTJ?tag=eloabder-20&linkCode=osi&th=1&psc=1">View Product</a></div><div class="product"><a href="https://www.amazon.com/dp/B00OCSNMO2?tag=eloabder-20&linkCode=osi&th=1&psc=1"><img src="https://m.media-amazon.com/images/I/41ZHAgGzr3L._SL500_.jpg" alt="Product Image"></a><p>Staples Hyken Ergonomic Swivel Task Chair, Adjustable Office Chair with Breathable Mesh and Lumbar Support, Perfect for Home and Office, Black</p><p> -7% 0FF </p><p>$129.99</p><a href="https://www.amazon.com/dp/B00OCSNMO2?tag=eloabder-20&linkCode=osi&th=1&psc=1">View Product</a></div><div class="product"><a href="https://www.amazon.com/dp/B0DXKCKPJG?tag=eloabder-20&linkCode=osi&th=1&psc=1"><img src="https://m.media-amazon.com/images/I/41HHOkCkcsL._SL500_.jpg" alt="Product Image"></a><p>Sweetcrispy Executive Home Office Desk Chair - Ergonomic Big Tall High Back with Footrest & Lumbar Support, Reclining Height Adjustable, Comfy PU Leather Computer Gaming with Swivel Wheels, White</p><p> -9% 0FF </p><p>$182.96</p><a href="https://www.amazon.com/dp/B0DXKCKPJG?tag=eloabder-20&linkCode=osi&th=1&psc=1">View Product</a></div><div class="product"><a href="https://www.amazon.com/dp/B0BHY5C5PC?tag=eloabder-20&linkCode=osi&th=1&psc=1"><img src="https://m.media-amazon.com/images/I/410TtD7nw9L._SL500_.jpg" alt="Product Image"></a><p>NEO CHAIR Office Desk Computer Chair Ergonomic Executive Mid-Back Leather Gaming Chair with Adjustable Flip-Up Armrests Wheels Swivel for Home Study Task (Jet Black)</p><p> -30% 0FF </p><p>$69.98</p><a href="https://www.amazon.com/dp/B0BHY5C5PC?tag=eloabder-20&linkCode=osi&th=1&psc=1">View Product</a></div>
<div class="product"><a href="https://www.amazon.com/dp/B08P3YVH3X?tag=eloabder-20&linkCode=osi&th=1&psc=1"><img src="https://m.media-amazon.com/images/I/41rW4JApydL._SL500_.jpg" alt="Product Image"></a><p>Epson Workforce ES-400 II Color Duplex Desktop Document Scanner for PC and Mac, with Auto Document Feeder (ADF) and Image Adjustment Tools, ES-400 II</p><p> -21% 0FF </p><p>$299.99</p><a href="https://www.amazon.com/dp/B08P3YVH3X?tag=eloabder-20&linkCode=osi&th=1&psc=1">View Product</a></div><div class="product"><a href="https://www.amazon.com/dp/B0F9B1H5VN?tag=eloabder-20&linkCode=osi&th=1&psc=1"><img src="https://m.media-amazon.com/images/I/41HifuXRYEL._SL500_.jpg" alt="Product Image"></a><p>ScanSnap iX2500 Wireless or USB High-Speed Cloud Enabled Document, Photo & Receipt Scanner with Large 5" Touchscreen and 100 Page Auto Document Feeder for Mac or PC, Black</p><p> -7% 0FF </p><p>$419.99</p><a href="https://www.amazon.com/dp/B0F9B1H5VN?tag=eloabder-20&linkCode=osi&th=1&psc=1">View Product</a></div><div class="product"><a href="https://www.amazon.com/dp/B07KQZWPYN?tag=eloabder-20&linkCode=osi&th=1&psc=1"><img src="https://m.media-amazon.com/images/I/21Ae0eJDWsL._SL500_.jpg" alt="Product Image"></a><p>Epson WorkForce ES-50 Portable Sheet-Fed Document Scanner for PC and Mac</p><p> -18% 0FF </p><p>$129.99</p><a href="https://www.amazon.com/dp/B07KQZWPYN?tag=eloabder-20&linkCode=osi&th=1&psc=1">View Product</a></div><div class="product"><a href="https://www.amazon.com/dp/B0C364K1SC?tag=eloabder-20&linkCode=osi&th=1&psc=1"><img src="https://m.media-amazon.com/images/I/41LKHn9dimL._SL500_.jpg" alt="Product Image"></a><p>Epson Perfection V19 II Color Photo and Document Flatbed Scanner with 4800 dpi Optical Resolution, USB Power and High-Rise, Removable Lid</p><p> -10% 0FF </p><p>$89.99</p><a href="https://www.amazon.com/dp/B0C364K1SC?tag=eloabder-20&linkCode=osi&th=1&psc=1">View Product</a></div><div class="product"><a href="https://www.amazon.com/dp/B09FX5SRQT?tag=eloabder-20&linkCode=osi&th=1&psc=1"><img src="https://m.media-amazon.com/images/I/41VnXqJ86dL._SL500_.jpg" alt="Product Image"></a><p>ScanSnap iX1300 Compact Wireless or USB Double-Sided Color Document, Photo & Receipt Scanner with Auto Document Feeder and Manual Feeder for Mac or PC, Black</p><p> -20% 0FF </p><p>$279.99</p><a href="https://www.amazon.com/dp/B09FX5SRQT?tag=eloabder-20&linkCode=osi&th=1&psc=1">View Product</a></div><div class="product"><a href="https://www.amazon.com/dp/B08P3ZT5WH?tag=eloabder-20&linkCode=osi&th=1&psc=1"><img src="https://m.media-amazon.com/images/I/410lohpNzaL._SL500_.jpg" alt="Product Image"></a><p>Epson Workforce ES-580W Wireless Color Duplex Desktop Document Scanner for PC and Mac with 100-sheet Auto Document Feeder (ADF) and Intuitive 4.3" Touchscreen</p><p> -20% 0FF </p><p>$359.99</p><a href="https://www.amazon.com/dp/B08P3ZT5WH?tag=eloabder-20&linkCode=osi&th=1&psc=1">View Product</a></div>
<div class="product"><a href="https://www.amazon.com/dp/B086BLQZ5L?tag=eloabder-20&linkCode=osi&th=1&psc=1"><img src="https://m.media-amazon.com/images/I/411bezC-CcL._SL500_.jpg" alt="Product Image"></a><p>Aothia Non-Slip Waterproof PU Leather Desk Pad Protector for Mouse, Writing Desk, Office, Home, Laptop Blotter, 23.6" x 13.7", Black</p><p> -29% 0FF </p><p>$9.99</p><a href="https://www.amazon.com/dp/B086BLQZ5L?tag=eloabder-20&linkCode=osi&th=1&psc=1">View Product</a></div><div class="product"><a href="https://www.amazon.com/dp/B0BYDZQY2K?tag=eloabder-20&linkCode=osi&th=1&psc=1"><img src="https://m.media-amazon.com/images/I/41QEEnkGx9L._SL500_.jpg" alt="Product Image"></a><p>Large Desk Mat 47.2" x 17" Leather Desk Pad Protector with Natural Cork & PU Leather, Non-Slip Office Desk Mat, Large Mouse Pad, Waterproof Desk Blotter pad for Office&Home(Black)</p><p> -20% 0FF </p><p>$19.99</p><a href="https://www.amazon.com/dp/B0BYDZQY2K?tag=eloabder-20&linkCode=osi&th=1&psc=1">View Product</a></div>
<div class="product"><a href="https://www.amazon.com/dp/B0B1YH7KWF?tag=eloabder-20&linkCode=osi&th=1&psc=1"><img src="https://m.media-amazon.com/images/I/411u5AKKl5L._SL500_.jpg" alt="Product Image"></a><p>Gannyfer Desk Shelf Organizer - Wood Desktop Shelf, Freestanding Desk Hutch Office Decor, 3 Tier Storage Display Rack, Small Bookshelf with Metal Frame for Books/Plants/Toys (Rustic Brown Black)</p><p> -11% 0FF </p><p>$24.99</p><a href="https://www.amazon.com/dp/B0B1YH7KWF?tag=eloabder-20&linkCode=osi&th=1&psc=1">View Product</a></div><div class="product"><a href="https://www.amazon.com/dp/B0F6T1GLFL?tag=eloabder-20&linkCode=osi&th=1&psc=1"><img src="https://m.media-amazon.com/images/I/51W7EISrFML._SL500_.jpg" alt="Product Image"></a><p>Mooliwe 57 Pcs Plant Bulletin Board Set Inspirational Flower Bulletin Board Decoration Positive Cutout Classroom Decoration for School Office Home Teacher Classroom Wall Supplies</p><p> -29% 0FF </p><p>$11.99</p><a href="https://www.amazon.com/dp/B0F6T1GLFL?tag=eloabder-20&linkCode=osi&th=1&psc=1">View Product</a></div><div class="product"><a href="https://www.amazon.com/dp/B0B2J4LXRP?tag=eloabder-20&linkCode=osi&th=1&psc=1"><img src="https://m.media-amazon.com/images/I/51WaA9sEIDL._SL500_.jpg" alt="Product Image"></a><p>Geyee 8 Pieces Cactus Funny Notepads Plant Memo Pads Office Supplies Cute Novelty Lined Notepad Desk List Notepad for Teacher Studying School Home Travel Rewards, 4 x 6 Inches</p><p> -10% 0FF </p><p>$8.99</p><a href="https://www.amazon.com/dp/B0B2J4LXRP?tag=eloabder-20&linkCode=osi&th=1&psc=1">View Product</a></div><div class="product"><a href="https://www.amazon.com/dp/B0CZDCM3Z9?tag=eloabder-20&linkCode=osi&th=1&psc=1"><img src="https://m.media-amazon.com/images/I/41-EfcsSuyL._SL500_.jpg" alt="Product Image"></a><p>YMYNY Desktop Shelf Organizer, 4 Tier Storage Display Rack, Desk Shelf Organizer Small Bookshelf with Metal Frame for Office, Books, Plants, 12.2" x 9.45" x 17.52", Rustic Brown Black UHSR007H</p><p> -11% 0FF </p><p>$26.69</p><a href="https://www.amazon.com/dp/B0CZDCM3Z9?tag=eloabder-20&linkCode=osi&th=1&psc=1">View Product</a></div>

<div class="product"><a href="https://www.amazon.com/dp/B0033J6V3A?tag=eloabder-20&linkCode=osi&th=1&psc=1"><img src="https://m.media-amazon.com/images/I/21o5ASbichL._SL500_.jpg" alt="Product Image"></a><p>NuSparc 2 Drawer Locking Filing Cabinet | Pre-Assembled Steel Construction | Space-Saving Design is Perfect for Home and Small Office | Letter-Size | Assembled in North America</p><p> -14% 0FF </p><p>$76.99</p><a href="https://www.amazon.com/dp/B0033J6V3A?tag=eloabder-20&linkCode=osi&th=1&psc=1">View Product</a></div><div class="product"><a href="https://www.amazon.com/dp/B0D9XYD75W?tag=eloabder-20&linkCode=osi&th=1&psc=1"><img src="https://m.media-amazon.com/images/I/31VM3xK++PL._SL500_.jpg" alt="Product Image"></a><p>BYNSOE 2 Drawer File Cabinet with Lock Vertical Filing Storage Cabinet Office Home Steel Vertical File Cabinets for Letter Size File Cabinet Locked,Assembly Required</p><p> -8% 0FF </p><p>$54.99</p><a href="https://www.amazon.com/dp/B0D9XYD75W?tag=eloabder-20&linkCode=osi&th=1&psc=1">View Product</a></div><div class="product"><a href="https://www.amazon.com/dp/B0989HLF81?tag=eloabder-20&linkCode=osi&th=1&psc=1"><img src="https://m.media-amazon.com/images/I/51vzgnkbcjL._SL500_.jpg" alt="Product Image"></a><p>DEVAISE 3 Drawer Mobile File Cabinet, Wood Lateral Filing Cabinet, Printer Stand with Open Shelves for Home Office, Rustic Brown</p><p> -21% 0FF </p><p>$74.99</p><a href="https://www.amazon.com/dp/B0989HLF81?tag=eloabder-20&linkCode=osi&th=1&psc=1">View Product</a></div>
<div class="product"><a href="https://www.amazon.com/dp/B00006RSQD?tag=eloabder-20&linkCode=osi&th=1&psc=1"><img src="https://m.media-amazon.com/images/I/315rez3KpeL._SL500_.jpg" alt="Product Image"></a><p>Bush Business Furniture Series C 36W Tall 5 Shelf Bookcase in Hansen Cherry, Large Storage and Display Bookshelf for Home or Professional Office</p><p> -8% 0FF </p><p>$239.49</p><a href="https://www.amazon.com/dp/B00006RSQD?tag=eloabder-20&linkCode=osi&th=1&psc=1">View Product</a></div>
<div class="product"><a href="https://www.amazon.com/dp/B09F6JPYSY?tag=eloabder-20&linkCode=osi&th=1&psc=1"><img src="https://m.media-amazon.com/images/I/51fGLH7lhHL._SL500_.jpg" alt="Product Image"></a><p>SPACELEAD Slim Storage Cart 3 Tier,Bathroom Organizer Rolling Utility,Mobile Shelving Unit Slide Out for Office, Kitchen, Laundry Room & Narrow Places,Black</p><p> -30% 0FF </p><p>$20.99</p><a href="https://www.amazon.com/dp/B09F6JPYSY?tag=eloabder-20&linkCode=osi&th=1&psc=1">View Product</a></div><div class="product"><a href="https://www.amazon.com/dp/B08KFTVGQY?tag=eloabder-20&linkCode=osi&th=1&psc=1"><img src="https://m.media-amazon.com/images/I/51BjUEmGaiL._SL500_.jpg" alt="Product Image"></a><p>SONGMICS Cube Storage Organizer, Set of 16 Plastic Cubes, Closet Organizers and Storage, Room Organization, Bedroom Living Room, 12.2 x 48.4 x 48.4 Inches, Rustic Brown ULPC442A01</p><p> -15% 0FF </p><p>$46.99</p><a href="https://www.amazon.com/dp/B08KFTVGQY?tag=eloabder-20&linkCode=osi&th=1&psc=1">View Product</a></div><div class="product"><a href="https://www.amazon.com/dp/B0DG359YX5?tag=eloabder-20&linkCode=osi&th=1&psc=1"><img src="https://m.media-amazon.com/images/I/41OBXL4HJdL._SL500_.jpg" alt="Product Image"></a><p>VIVO Clamp-on 13 inch Above or Below Desk 2-Tier Shelving Unit for Table Accessories, Gaming Devices, and More, Storage Tray, Desktop Organizer, Rustic Vintage Brown, STAND-SHELF2C-N</p><p> -20% 0FF </p><p>$39.99</p><a href="https://www.amazon.com/dp/B0DG359YX5?tag=eloabder-20&linkCode=osi&th=1&psc=1">View Product</a></div><div class="product"><a href="https://www.amazon.com/dp/B0D7S5GGP6?tag=eloabder-20&linkCode=osi&th=1&psc=1"><img src="https://m.media-amazon.com/images/I/51EriWG2BLL._SL500_.jpg" alt="Product Image"></a><p>C&AHOME Wire Cube Storage, 9 - Cube Organizer Metal C Grids, Modular Shelves Units, Closet Organizer, Ideal for Home, Office, Living Room, 36.6”L x 12.4”W x 48.4”H, Silver Gray UWCS3009G</p><p> -33% 0FF </p><p>$28.87</p><a href="https://www.amazon.com/dp/B0D7S5GGP6?tag=eloabder-20&linkCode=osi&th=1&psc=1">View Product</a></div>
<div class="product"><a href="https://www.amazon.com/dp/B0B1M6ML2J?tag=eloabder-20&linkCode=osi&th=1&psc=1"><img src="https://m.media-amazon.com/images/I/51pX2Qo38JL._SL500_.jpg" alt="Product Image"></a><p>WOWBOX 25 PCS Clear Plastic Drawer Organizer Set, 4 Sizes Desk Drawer Divider Organizers and Storage Bins for Makeup, Jewelry, Gadgets for Kitchen, Bedroom, Bathroom, Office</p><p> -35% 0FF </p><p>$16.13 ($0.65 / Count)</p><a href="https://www.amazon.com/dp/B0B1M6ML2J?tag=eloabder-20&linkCode=osi&th=1&psc=1">View Product</a></div><div class="product"><a href="https://www.amazon.com/dp/B0DB8F7GDN?tag=eloabder-20&linkCode=osi&th=1&psc=1"><img src="https://m.media-amazon.com/images/I/51iOtKHzvCL._SL500_.jpg" alt="Product Image"></a><p>OPNICE Desk Organizer and Accessories, 2-Tier Computer Monitor Stand Riser with Drawer and 2 Pen Holders, Laptop Stand, Office Desk Accessories for Office Supplies, Black</p><p> -27% 0FF </p><p>$21.99</p><a href="https://www.amazon.com/dp/B0DB8F7GDN?tag=eloabder-20&linkCode=osi&th=1&psc=1">View Product</a></div><div class="product"><a href="https://www.amazon.com/dp/B0FQ86P4M3?tag=eloabder-20&linkCode=osi&th=1&psc=1"><img src="https://m.media-amazon.com/images/I/41ZDdyGnPxL._SL500_.jpg" alt="Product Image"></a><p>Mind Reader 2-Tier Desk Organizer with Clamp, Accessory Shelf for Office or Gaming, Office, Metal, White</p><p> -5% 0FF </p><p>$37.99</p><a href="https://www.amazon.com/dp/B0FQ86P4M3?tag=eloabder-20&linkCode=osi&th=1&psc=1">View Product</a></div><div class="product"><a href="https://www.amazon.com/dp/B0BYDGF8DT?tag=eloabder-20&linkCode=osi&th=1&psc=1"><img src="https://m.media-amazon.com/images/I/51sE2GzgVNL._SL500_.jpg" alt="Product Image"></a><p>OPNICE Desk Organizer and Accessories, 4-Tier Desktop File Organizer with Drawer and 2 Pen Holders, Office Desk Accessories, Workspace Organizers for Office Supplies(Black)</p><p> -33% 0FF </p><p>$19.99</p><a href="https://www.amazon.com/dp/B0BYDGF8DT?tag=eloabder-20&linkCode=osi&th=1&psc=1">View Product</a></div><div class="product"><a href="https://www.amazon.com/dp/B0DJKSMV2T?tag=eloabder-20&linkCode=osi&th=1&psc=1"><img src="https://m.media-amazon.com/images/I/41gO3CCIg1L._SL500_.jpg" alt="Product Image"></a><p>gianotter Dual Monitor Stand Riser, Desk Organizer With Drawer and 2 Pen Holders, Computer Monitor Stand, Shelf for Top of Desk, Black</p><p> -28% 0FF </p><p>$25.99</p><a href="https://www.amazon.com/dp/B0DJKSMV2T?tag=eloabder-20&linkCode=osi&th=1&psc=1">View Product</a></div><div class="product"><a href="https://www.amazon.com/dp/B0BWTT3WK1?tag=eloabder-20&linkCode=osi&th=1&psc=1"><img src="https://m.media-amazon.com/images/I/51JTe2SjicL._SL500_.jpg" alt="Product Image"></a><p>gianotter Desk Organizers and Accessories with File Holder, 4-Tier Desk Accessories & Workspace Organizers with Drawer and 2 Pen Holder, Paper Organizer for Office Supplies (Rose Gold)</p><p> -27% 0FF </p><p>$23.99</p><a href="https://www.amazon.com/dp/B0BWTT3WK1?tag=eloabder-20&linkCode=osi&th=1&psc=1">View Product</a></div><div class="product"><a href="https://www.amazon.com/dp/B09QKDY1YY?tag=eloabder-20&linkCode=osi&th=1&psc=1"><img src="https://m.media-amazon.com/images/I/519UVM73B6L._SL500_.jpg" alt="Product Image"></a><p>Supeasy 5 Trays Paper Organizer Letter Tray with Handle-Mesh Desk File Organizer, Paper Sorter Desk Organizer for Office, Home or School</p><p> -17% 0FF </p><p>$19.99</p><a href="https://www.amazon.com/dp/B09QKDY1YY?tag=eloabder-20&linkCode=osi&th=1&psc=1">View Product</a></div><div class="product"><a href="https://www.amazon.com/dp/B08PBFKGJG?tag=eloabder-20&linkCode=osi&th=1&psc=1"><img src="https://m.media-amazon.com/images/I/61WfW0WLsqL._SL500_.jpg" alt="Product Image"></a><p>Marbrasse 6 Tier Paper Organizer Letter Tray - Mesh Desk File Organizer with Handle, Paper Sorter Organizer for Letter/A4 Office File Folder Holder - Black</p><p> -23% 0FF </p><p>$19.98</p><a href="https://www.amazon.com/dp/B08PBFKGJG?tag=eloabder-20&linkCode=osi&th=1&psc=1">View Product</a></div><div class="product"><a href="https://www.amazon.com/dp/B09K5927B5?tag=eloabder-20&linkCode=osi&th=1&psc=1"><img src="https://m.media-amazon.com/images/I/51u5tZ4jR6L._SL500_.jpg" alt="Product Image"></a><p>Marbrasse Desk Organizer with File Holder, 5-Tier Paper Letter Tray Organizer with Drawer and 2 Pen Holder, Mesh Desktop Organizer and Storage with Magazine Holder for Office Supplies(Black)</p><p> -24% 0FF </p><p>$33.99</p><a href="https://www.amazon.com/dp/B09K5927B5?tag=eloabder-20&linkCode=osi&th=1&psc=1">View Product</a></div>
<div class="product"><a href="https://www.amazon.com/dp/B0CNXF7SVS?tag=eloabder-20&linkCode=osi&th=1&psc=1"><img src="https://m.media-amazon.com/images/I/51a6EswyTZL._SL500_.jpg" alt="Product Image"></a><p>Manalete Drawer Organizers Set of 15, 4 Sizes Clear Plastic Drawer Organizers and Storage Bins for Kitchen, Bathroom, Office, Dresser Desk Drawer Organizer Tray for Jewelry, Makeup, Junk, Gadgets</p><p> -29% 0FF </p><p>$9.99</p><a href="https://www.amazon.com/dp/B0CNXF7SVS?tag=eloabder-20&linkCode=osi&th=1&psc=1">View Product</a></div><div class="product"><a href="https://www.amazon.com/dp/B0CCY5X6SS?tag=eloabder-20&linkCode=osi&th=1&psc=1"><img src="https://m.media-amazon.com/images/I/41Iye-vPXJL._SL500_.jpg" alt="Product Image"></a><p>Bamboo Drawer Organizer Set, 5 PCS Multi-Use Individual Wood Storage Organizers, Junk Drawer Divider and Storage Trays Containers for Kitchen, Bathroom, Office Desk, Makeup, Jewelry, Utensils</p><p> -20% 0FF </p><p>$19.99 ($4.00 / Count)</p><a href="https://www.amazon.com/dp/B0CCY5X6SS?tag=eloabder-20&linkCode=osi&th=1&psc=1">View Product</a></div><div class="product"><a href="https://www.amazon.com/dp/B0CCDJQ7MM?tag=eloabder-20&linkCode=osi&th=1&psc=1"><img src="https://m.media-amazon.com/images/I/51kU0WJxdsL._SL500_.jpg" alt="Product Image"></a><p>Marbrasse Expandable Desk Drawer Organizer, Mesh Drawer Organizer Tray with 10 Adjustable Compartments, Desk Organizers and Accessories, 5 Dividers Drawer for Office Supplies, Makeup & Vanity (Black)</p><p> -15% 0FF </p><p>$17.84</p><a href="https://www.amazon.com/dp/B0CCDJQ7MM?tag=eloabder-20&linkCode=osi&th=1&psc=1">View Product</a></div><div class="product"><a href="https://www.amazon.com/dp/B0DM27MBZN?tag=eloabder-20&linkCode=osi&th=1&psc=1"><img src="https://m.media-amazon.com/images/I/41hAfSMnrZL._SL500_.jpg" alt="Product Image"></a><p>ElegantArray 12 PCS Drawer Organizer Set, 4 Sizes Storage Drawer Units, Clear Plastic Makeup Vanity Organizer and Storage Bins for Makeup, Stationeries, Multiple Gadgets for Bathroom, Office, Bedroom</p><p> -31% 0FF </p><p>$8.99</p><a href="https://www.amazon.com/dp/B0DM27MBZN?tag=eloabder-20&linkCode=osi&th=1&psc=1">View Product</a></div>
<div class="product"><a href="https://www.amazon.com/dp/B0C4T42TPC?tag=eloabder-20&linkCode=osi&th=1&psc=1"><img src="https://m.media-amazon.com/images/I/318IsyAsPXL._SL500_.jpg" alt="Product Image"></a><p>Adjustable Mobile CPU Stand, Ventilated Computer Tower Stand with 4 Caster Wheels Fits Most PC Tower, Under Desk CPU Holder PC Floor Cart Computer Riser for Gamers and Students (Black)</p><p> -21% 0FF </p><p>$14.21</p><a href="https://www.amazon.com/dp/B0C4T42TPC?tag=eloabder-20&linkCode=osi&th=1&psc=1">View Product</a></div><div class="product"><a href="https://www.amazon.com/dp/B094QTGHNZ?tag=eloabder-20&linkCode=osi&th=1&psc=1"><img src="https://m.media-amazon.com/images/I/31VzBQ+jwWL._SL500_.jpg" alt="Product Image"></a><p>WALI Computer Monitor Stand for Desk, Adjustable Laptop Riser, Desk Monitor Stand Underneath Storage for Office, Home, School Supplies (STT003), 1 Pack, Black</p><p> -32% 0FF </p><p>$16.99</p><a href="https://www.amazon.com/dp/B094QTGHNZ?tag=eloabder-20&linkCode=osi&th=1&psc=1">View Product</a></div><div class="product"><a href="https://www.amazon.com/dp/B07H4DMLVH?tag=eloabder-20&linkCode=osi&th=1&psc=1"><img src="https://m.media-amazon.com/images/I/31eTfKhpSWL._SL500_.jpg" alt="Product Image"></a><p>HUANUO Monitor Stand, Monitor Stand Riser 3 Height Adjustable, Monitor Riser with Airflow Vents, Laptop Stand for Desk, Laptop Riser, Desk Organizer for Monitor, 15.6" Laptop, PC, Printer</p><p> -11% 0FF </p><p>$15.19</p><a href="https://www.amazon.com/dp/B07H4DMLVH?tag=eloabder-20&linkCode=osi&th=1&psc=1">View Product</a></div><div class="product"><a href="https://www.amazon.com/dp/B0D69W6H91?tag=eloabder-20&linkCode=osi&th=1&psc=1"><img src="https://m.media-amazon.com/images/I/51rQI+gi3lL._SL500_.jpg" alt="Product Image"></a><p>JANE EYRE Computer Tower Stand - Adjustable PC Tower Stand CPU Holder Cart with Charging Station for Office Home Classroom,23.03"-28.3" H, black</p><p> -10% 0FF </p><p>$53.99</p><a href="https://www.amazon.com/dp/B0D69W6H91?tag=eloabder-20&linkCode=osi&th=1&psc=1">View Product</a></div><div class="product"><a href="https://www.amazon.com/dp/B0C4T34L9Y?tag=eloabder-20&linkCode=osi&th=1&psc=1"><img src="https://m.media-amazon.com/images/I/51BNMGXNOEL._SL500_.jpg" alt="Product Image"></a><p>BONTEC Wooden Monitor Stand Riser, 2-Tier Desk Shelf with Storage Organizer, Ergonomic Computer Stand with Cable Management, Cellphone Holder, White, 16.5 Inch</p><p> -33% 0FF </p><p>$18.04</p><a href="https://www.amazon.com/dp/B0C4T34L9Y?tag=eloabder-20&linkCode=osi&th=1&psc=1">View Product</a></div><div class="product"><a href="https://www.amazon.com/dp/B08BRCT4JH?tag=eloabder-20&linkCode=osi&th=1&psc=1"><img src="https://m.media-amazon.com/images/I/41Ga6A+cXbL._SL500_.jpg" alt="Product Image"></a><p>BESIGN LS03 Aluminum Laptop Stand, Ergonomic Detachable Computer Stand, Notebook Riser Compatible with Air, Pro, Dell, HP, Lenovo More 10-15.6" Laptops, Silver</p><p> -25% 0FF </p><p>$14.98</p><a href="https://www.amazon.com/dp/B08BRCT4JH?tag=eloabder-20&linkCode=osi&th=1&psc=1">View Product</a></div>
<div class="product"><a href="https://www.amazon.com/dp/B07Q79ZZJ6?tag=eloabder-20&linkCode=osi&th=1&psc=1"><img src="https://m.media-amazon.com/images/I/31-LBzENQIL._SL500_.jpg" alt="Product Image"></a><p>Single LCD Computer Monitor Free-Standing Desk Stand Mount Riser for 13 inch to 32 inch screen with Swivel, Height Adjustable, Rotation, Vesa Base Stand Holds One (1) Screen up to 77Lbs(HT05B-001))</p><p> -34% 0FF </p><p>$21.99</p><a href="https://www.amazon.com/dp/B07Q79ZZJ6?tag=eloabder-20&linkCode=osi&th=1&psc=1">View Product</a></div><div class="product"><a href="https://www.amazon.com/dp/B082845XM8?tag=eloabder-20&linkCode=osi&th=1&psc=1"><img src="https://m.media-amazon.com/images/I/41uRH1B7HgL._SL500_.jpg" alt="Product Image"></a><p>Dual Monitor Stand - Vertical Stack Screen Free-Standing Monitor Riser Fits Two 13 to 34 Inch Screen with Swivel, Tilt, Height Adjustable, Holds One (1) Screen Up to 44Lbs</p><p> -5% 0FF </p><p>$31.56</p><a href="https://www.amazon.com/dp/B082845XM8?tag=eloabder-20&linkCode=osi&th=1&psc=1">View Product</a></div><div class="product"><a href="https://www.amazon.com/dp/B00X4SCCFG?tag=eloabder-20&linkCode=osi&th=1&psc=1"><img src="https://m.media-amazon.com/images/I/21X2klzUZGL._SL500_.jpg" alt="Product Image"></a><p>Amazon Basics Height Adjustable Rectangular Computer Monitor Riser Desk Stand with Storage for Reduced Neck Strain - Fits Monitors, Laptops Up to 22lbs, Black</p><p> -35% 0FF </p><p>$14.06</p><a href="https://www.amazon.com/dp/B00X4SCCFG?tag=eloabder-20&linkCode=osi&th=1&psc=1">View Product</a></div>
<div class="product"><a href="https://www.amazon.com/dp/B07HFDJCSL?tag=eloabder-20&linkCode=osi&th=1&psc=1"><img src="https://m.media-amazon.com/images/I/41DR7qY1naL._SL500_.jpg" alt="Product Image"></a><p>VIVO Large Keyboard Tray Under Desk Pull Out with Extra Sturdy C Clamp Mount System, 27 (33 Including Clamps) x 11 Inch Slide-Out Platform Computer Drawer for Typing, Black, MOUNT-KB05E</p><p> -17% 0FF </p><p>$49.99</p><a href="https://www.amazon.com/dp/B07HFDJCSL?tag=eloabder-20&linkCode=osi&th=1&psc=1">View Product</a></div><div class="product"><a href="https://www.amazon.com/dp/B082NKBM62?tag=eloabder-20&linkCode=osi&th=1&psc=1"><img src="https://m.media-amazon.com/images/I/41qQ3p9-mrL._SL500_.jpg" alt="Product Image"></a><p>HUANUO Keyboard Tray Under Desk, 360 Adjustable Ergonomic Sliding Keyboard & Mouse Tray, Under Desk Keyboard Tray Slide Out, Keyboard Holder Under Desk for Typing in Home, Office Work, 25"W x 9.84"D</p><p> -33% 0FF </p><p>$59.98</p><a href="https://www.amazon.com/dp/B082NKBM62?tag=eloabder-20&linkCode=osi&th=1&psc=1">View Product</a></div><div class="product"><a href="https://www.amazon.com/dp/B0F23GTKHL?tag=eloabder-20&linkCode=osi&th=1&psc=1"><img src="https://m.media-amazon.com/images/I/41dmHoeznDL._SL500_.jpg" alt="Product Image"></a><p>Zontera Ergonomic Mouse & Keyboard Tray Under Desk, Pull Out with Adjustable C-clamp, 20 (25.9 Including Clamps) x 11.8 Inch Slide Out Computer Keyboard Drawer Mouse Tray for Typing, Black</p><p> -7% 0FF </p><p>$25.99</p><a href="https://www.amazon.com/dp/B0F23GTKHL?tag=eloabder-20&linkCode=osi&th=1&psc=1">View Product</a></div><div class="product"><a href="https://www.amazon.com/dp/B01IIGMBVI?tag=eloabder-20&linkCode=osi&th=1&psc=1"><img src="https://m.media-amazon.com/images/I/21Vw8003F0L._SL500_.jpg" alt="Product Image"></a><p>Alera ALE Valencia Series Underdesk Keyboard/Mouse Shelf, 28w x 12d, Black</p><p> -50% 0FF </p><p>$29.22</p><a href="https://www.amazon.com/dp/B01IIGMBVI?tag=eloabder-20&linkCode=osi&th=1&psc=1">View Product</a></div>
<div class="product"><a href="https://www.amazon.com/dp/B07C3XZMC6?tag=eloabder-20&linkCode=osi&th=1&psc=1"><img src="https://m.media-amazon.com/images/I/31Eojf7glwL._SL500_.jpg" alt="Product Image"></a><p>JIKIOU 3 Pack Mouse Pad with Stitched Edge, Comfortable Mouse Pads with Non-Slip Rubber Base, Washable Mousepads Bulk with Comfortable Cloth, Mouse Pads for Computers Laptop Mouse 10.2x8.3inch Black</p><p> -29% 0FF </p><p>$7.99</p><a href="https://www.amazon.com/dp/B07C3XZMC6?tag=eloabder-20&linkCode=osi&th=1&psc=1">View Product</a></div><div class="product"><a href="https://www.amazon.com/dp/B085XRMSTT?tag=eloabder-20&linkCode=osi&th=1&psc=1"><img src="https://m.media-amazon.com/images/I/31aDSI0sFoL._SL500_.jpg" alt="Product Image"></a><p>EooCoo Ergonomic Mouse Pad with Wrist Support, Mousepad with Memory Foam Wrist Rest and Non-Slip Base for Computer, Cafe, Home & Office, 9.64 x 8.26 in Office Desk Accessories</p><p> -36% 0FF </p><p>$6.99</p><a href="https://www.amazon.com/dp/B085XRMSTT?tag=eloabder-20&linkCode=osi&th=1&psc=1">View Product</a></div>
<div class="product"><a href="https://www.amazon.com/dp/B0BRCJL4MM?tag=eloabder-20&linkCode=osi&th=1&psc=1"><img src="https://m.media-amazon.com/images/I/41sggzaNbPL._SL500_.jpg" alt="Product Image"></a><p>Led Desk Lamp for Office Home - Eye Caring Architect lamp with Clamp,Dual Screen Computer Monitor Gooseneck Smart Light: 24W 5 Color Flexible Adjustable Lighting Table Lamp for Study Drafting</p><p> -13% 0FF </p><p>$69.99</p><a href="https://www.amazon.com/dp/B0BRCJL4MM?tag=eloabder-20&linkCode=osi&th=1&psc=1">View Product</a></div><div class="product"><a href="https://www.amazon.com/dp/B0BNHNG5CY?tag=eloabder-20&linkCode=osi&th=1&psc=1"><img src="https://m.media-amazon.com/images/I/51ccmdZe2YL._SL500_.jpg" alt="Product Image"></a><p>Micomlan Led Desk Lamp with Clamp, Architect Desk Lamp for Home Office with Atmosphere Lighting, 24W Ultra Bright Auto Dimming Computer Light Stepless Dimming and Tempering LED Table Light</p><p> -27% 0FF </p><p>$49.99</p><a href="https://www.amazon.com/dp/B0BNHNG5CY?tag=eloabder-20&linkCode=osi&th=1&psc=1">View Product</a></div><div class="product"><a href="https://www.amazon.com/dp/B078W61H9P?tag=eloabder-20&linkCode=osi&th=1&psc=1"><img src="https://m.media-amazon.com/images/I/31aebwb3nqL._SL500_.jpg" alt="Product Image"></a><p>LEPOWER Metal Desk Lamp, Eye-Caring Table Lamp, Study Lamps with Flexible Goose Neck for Bedroom, Home Office (Matte Black)</p><p> -24% 0FF </p><p>$24.99</p><a href="https://www.amazon.com/dp/B078W61H9P?tag=eloabder-20&linkCode=osi&th=1&psc=1">View Product</a></div><div class="product"><a href="https://www.amazon.com/dp/B0D1DLY4H4?tag=eloabder-20&linkCode=osi&th=1&psc=1"><img src="https://m.media-amazon.com/images/I/41sKiuSIwRL._SL500_.jpg" alt="Product Image"></a><p>SKYLEO Led Desk Lamp - Desk Light for 31.5" Tall - 5 Color Modes X 11 Brightness Levels - Adjustable Swing Arm - Timmer & Memory Function - 12W Lamp for Desk - Black</p><p> -23% 0FF </p><p>$19.99</p><a href="https://www.amazon.com/dp/B0D1DLY4H4?tag=eloabder-20&linkCode=osi&th=1&psc=1">View Product</a></div><div class="product"><a href="https://www.amazon.com/dp/B0D2LGK82V?tag=eloabder-20&linkCode=osi&th=1&psc=1"><img src="https://m.media-amazon.com/images/I/41UpQ-qygDL._SL500_.jpg" alt="Product Image"></a><p>Addtam LED Desk Lamp, Power Strip with 3 Outlets 4 USB Charging Ports(2 USBC), 4 Modes 5 Level Brightness Touch Lamp, Small Desk Lamp for Home Office College Dorm Room Essentials</p><p> -23% 0FF </p><p>$16.99</p><a href="https://www.amazon.com/dp/B0D2LGK82V?tag=eloabder-20&linkCode=osi&th=1&psc=1">View Product</a></div><div class="product"><a href="https://www.amazon.com/dp/B08LMTQ7ZF?tag=eloabder-20&linkCode=osi&th=1&psc=1"><img src="https://m.media-amazon.com/images/I/21vKPX2KHML._SL500_.jpg" alt="Product Image"></a><p>Lepro LED Desk Lamp for Home Office, 9.5W 750LM Metal Touch Control Desk Light, 5 Color Modes 5 Brightness Level, Eye Caring Task Lamp For Reading, Sewing, Crafts, School Supplies, Puzzle Light, Black</p><p> -13% 0FF </p><p>$24.99</p><a href="https://www.amazon.com/dp/B08LMTQ7ZF?tag=eloabder-20&linkCode=osi&th=1&psc=1">View Product</a></div>
<div class="product"><a href="https://www.amazon.com/dp/B0D7BXNDP4?tag=eloabder-20&linkCode=osi&th=1&psc=1"><img src="https://m.media-amazon.com/images/I/41DuEunZ1+L._SL500_.jpg" alt="Product Image"></a><p>Monitor Fan with Clamp & Light Bar Desk Lamp with fan for Office mini Desk fan small quiet with lamp for PC Laptops Tablet for Home Office Portable Working Reading Stand Lamp</p><p> -5% 0FF </p><p>$15.19</p><a href="https://www.amazon.com/dp/B0D7BXNDP4?tag=eloabder-20&linkCode=osi&th=1&psc=1">View Product</a></div><div class="product"><a href="https://www.amazon.com/dp/B07K1D41DC?tag=eloabder-20&linkCode=osi&th=1&psc=1"><img src="https://m.media-amazon.com/images/I/310MAouNV-L._SL500_.jpg" alt="Product Image"></a><p>OttLite Cool Breeze LED Lamp with Bladeless Fan - 3 Speed Options & 5 Brightness Settings with Energy Efficient Natural Daylight LEDs - Desktop, Table or Nightstand Lamp for Studying or Reading</p><p> -14% 0FF </p><p>$89.98</p><a href="https://www.amazon.com/dp/B07K1D41DC?tag=eloabder-20&linkCode=osi&th=1&psc=1">View Product</a></div>
<div class="product"><a href="https://www.amazon.com/dp/B0CXSXL1F2?tag=eloabder-20&linkCode=osi&th=1&psc=1"><img src="https://m.media-amazon.com/images/I/41H6cndt7iL._SL500_.jpg" alt="Product Image"></a><p>9 Pack Lined Sticky Notes 4x6 in Post Sticky Notes with Lines, 9 Bright Colors Self Sticky Notes Pad Its, Large Ruled Sticky Note for Office, Home, 35 Sheets/Pad</p><p> -33% 0FF </p><p>$7.99</p><a href="https://www.amazon.com/dp/B0CXSXL1F2?tag=eloabder-20&linkCode=osi&th=1&psc=1">View Product</a></div><div class="product"><a href="https://www.amazon.com/dp/B019QROV9S?tag=eloabder-20&linkCode=osi&th=1&psc=1"><img src="https://m.media-amazon.com/images/I/51OsStyntzL._SL500_.jpg" alt="Product Image"></a><p>Sharpie Clear View Highlighter Sticks, Chisel Tip, Assorted Fluorescent, 8 Count - School, Home, and Office Use, Teacher Supplies</p><p> -23% 0FF </p><p>$13.86</p><a href="https://www.amazon.com/dp/B019QROV9S?tag=eloabder-20&linkCode=osi&th=1&psc=1">View Product</a></div>
<div class="product"><a href="https://www.amazon.com/dp/B082PN4X5J?tag=eloabder-20&linkCode=osi&th=1&psc=1"><img src="https://m.media-amazon.com/images/I/51o+eA8g6nL._SL500_.jpg" alt="Product Image"></a><p>Sharpie S-Gel Gel Pens, Black Barrel, Medium Point (0.7mm), Black Gel Ink Pens, 12 Count - Home, Office, School, Journaling, Writing, Note-Taking, Teacher Supplies</p><p> -14% 0FF </p><p>$11.97</p><a href="https://www.amazon.com/dp/B082PN4X5J?tag=eloabder-20&linkCode=osi&th=1&psc=1">View Product</a></div><div class="product"><a href="https://www.amazon.com/dp/B0C9W8DD9S?tag=eloabder-20&linkCode=osi&th=1&psc=1"><img src="https://m.media-amazon.com/images/I/41mdSvEwNZL._SL500_.jpg" alt="Product Image"></a><p>Ddaowanx Gel Pens, 6 Pcs 0.5mm Quick Dry Black Ink Pens Fine Point Smooth Writing Pens, Cute Office School Supplies Gifts for Women</p><p> -10% 0FF </p><p>$8.99</p><a href="https://www.amazon.com/dp/B0C9W8DD9S?tag=eloabder-20&linkCode=osi&th=1&psc=1">View Product</a></div><div class="product"><a href="https://www.amazon.com/dp/B019QBOG3U?tag=eloabder-20&linkCode=osi&th=1&psc=1"><img src="https://m.media-amazon.com/images/I/416PjSebDoL._SL500_.jpg" alt="Product Image"></a><p>Paper Mate Colorful Gel Pens - InkJoy Gel Pens Assorted Medium Point (0.7). Perfect for Vibrant Colored Writing and Sketching with Paper Mate InkJoy 14 Count</p><p> -18% 0FF </p><p>$10.31</p><a href="https://www.amazon.com/dp/B019QBOG3U?tag=eloabder-20&linkCode=osi&th=1&psc=1">View Product</a></div><div class="product"><a href="https://www.amazon.com/dp/B0C73JDN4S?tag=eloabder-20&linkCode=osi&th=1&psc=1"><img src="https://m.media-amazon.com/images/I/51DJUUxL7HL._SL500_.jpg" alt="Product Image"></a><p>Linbsunne Ballpoint Pens Black Medium Point 1mm Pen with Super Soft Grip Ball Point Pen for Men Women Retractable Pens (gold-12 pcs)</p><p> -10% 0FF </p><p>$8.99</p><a href="https://www.amazon.com/dp/B0C73JDN4S?tag=eloabder-20&linkCode=osi&th=1&psc=1">View Product</a></div><div class="product"><a href="https://www.amazon.com/dp/B001OTA66O?tag=eloabder-20&linkCode=osi&th=1&psc=1"><img src="https://m.media-amazon.com/images/I/41yS5tBZQLL._SL500_.jpg" alt="Product Image"></a><p>BIC Glide Black Retractable Ballpoint Pens, Medium Point (1.0mm), 4-Count Pack, Ultra Smooth Writing Black Pens</p><p> -40% 0FF </p><p>$2.99</p><a href="https://www.amazon.com/dp/B001OTA66O?tag=eloabder-20&linkCode=osi&th=1&psc=1">View Product</a></div>
<div class="product"><a href="https://www.amazon.com/dp/B002HVXXCW?tag=eloabder-20&linkCode=osi&th=1&psc=1"><img src="https://m.media-amazon.com/images/I/41JeEedXCeL._SL500_.jpg" alt="Product Image"></a><p>Ticonderoga Wood-Cased Pencils, Pre-Sharpened, 2 HB Soft, Yellow, 10 Count</p><p> -58% 0FF </p><p>$2.49</p><a href="https://www.amazon.com/dp/B002HVXXCW?tag=eloabder-20&linkCode=osi&th=1&psc=1">View Product</a></div><div class="product"><a href="https://www.amazon.com/dp/B077Q4B6YN?tag=eloabder-20&linkCode=osi&th=1&psc=1"><img src="https://m.media-amazon.com/images/I/4160YcHGDNL._SL500_.jpg" alt="Product Image"></a><p>Paper Mate 2017483 Mechanical Pencils for Handwriting, Triangular, 5/PK, AST</p><p> -45% 0FF </p><p>$3.47</p><a href="https://www.amazon.com/dp/B077Q4B6YN?tag=eloabder-20&linkCode=osi&th=1&psc=1">View Product</a></div>
<div class="product"><a href="https://www.amazon.com/dp/B0D7YTZNRF?tag=eloabder-20&linkCode=osi&th=1&psc=1"><img src="https://m.media-amazon.com/images/I/41hSbSlNAmL._SL500_.jpg" alt="Product Image"></a><p>YASNAY Alcohol Markers, 48 Colors Dual Tip Art Marker, Drawing Markers, Coloring Marker for Kids Sketching Adult Coloring</p><p> -27% 0FF </p><p>$10.99</p><a href="https://www.amazon.com/dp/B0D7YTZNRF?tag=eloabder-20&linkCode=osi&th=1&psc=1">View Product</a></div><div class="product"><a href="https://www.amazon.com/dp/B07CJ8QXF8?tag=eloabder-20&linkCode=osi&th=1&psc=1"><img src="https://m.media-amazon.com/images/I/51bChi4-H4L._SL500_.jpg" alt="Product Image"></a><p>Dual Markers Brush Pens, 36 Fine Point Art Marker, Double Tip Colored Pen for Adult Coloring Hand Lettering, School Classroom Art Suppliers</p><p> -20% 0FF </p><p>$7.98</p><a href="https://www.amazon.com/dp/B07CJ8QXF8?tag=eloabder-20&linkCode=osi&th=1&psc=1">View Product</a></div><div class="product"><a href="https://www.amazon.com/dp/B071CP6X88?tag=eloabder-20&linkCode=osi&th=1&psc=1"><img src="https://m.media-amazon.com/images/I/41sNeEYkTNL._SL500_.jpg" alt="Product Image"></a><p>Crayola Super Tips Marker Set for Kids (100ct), Broad Tip & Fine Point Washable Art Markers for Kids, Bulk School Supplies, Teacher Classroom Must Haves, Drawing Supplies</p><p> -19% 0FF </p><p>$16.29</p><a href="https://www.amazon.com/dp/B071CP6X88?tag=eloabder-20&linkCode=osi&th=1&psc=1">View Product</a></div><div class="product"><a href="https://www.amazon.com/dp/B08MBFPFCQ?tag=eloabder-20&linkCode=osi&th=1&psc=1"><img src="https://m.media-amazon.com/images/I/51DaGL7Z4oL._SL500_.jpg" alt="Product Image"></a><p>Sharpie Permanent Markers Variety Pack, Includes Chisel, Fine, and Ultra-Fine Tips, Marker Set, Writing, Coloring, Poster, Office, School Supplies, Black, 6 Count</p><p> -19% 0FF </p><p>$4.63 ($0.77 / Count)</p><a href="https://www.amazon.com/dp/B08MBFPFCQ?tag=eloabder-20&linkCode=osi&th=1&psc=1">View Product</a></div>
<div class="product"><a href="https://www.amazon.com/dp/B09Y2KJ2KX?tag=eloabder-20&linkCode=osi&th=1&psc=1"><img src="https://m.media-amazon.com/images/I/41EhQr7suML._SL500_.jpg" alt="Product Image"></a><p>Sharpie Pocket Highlighters, Mild Pastel Colors, Assorted, Chisel Tip, 12 Count - School, Home, and Office Use, Teacher Supplies</p><p> -22% 0FF </p><p>$7.76 ($0.65 / Count)</p><a href="https://www.amazon.com/dp/B09Y2KJ2KX?tag=eloabder-20&linkCode=osi&th=1&psc=1">View Product</a></div><div class="product"><a href="https://www.amazon.com/dp/B08698MJWT?tag=eloabder-20&linkCode=osi&th=1&psc=1"><img src="https://m.media-amazon.com/images/I/512N7aYt5oL._SL500_.jpg" alt="Product Image"></a><p>Sharpie S-Note Creative Markers, Pastel Highlighters, Art Marker Set, Assorted Colors, Chisel Tip, 24 Count - School, Home, and Office Use, Teacher Supplies</p><p> -60% 0FF </p><p>$8.83</p><a href="https://www.amazon.com/dp/B08698MJWT?tag=eloabder-20&linkCode=osi&th=1&psc=1">View Product</a></div>
<div class="product"><a href="https://www.amazon.com/dp/B097DPQPYN?tag=eloabder-20&linkCode=osi&th=1&psc=1"><img src="https://m.media-amazon.com/images/I/51nFyQPtfkL._SL500_.jpg" alt="Product Image"></a><p>Sonuimy Pencil Sharpeners, 4 Pcs Pencil Sharpeners Manual,Dual Holes Compact Colored Handheld Pencil Sharpener for Kids with Lid Adults Students School Class Home Office (Covered)</p><p> -13% 0FF </p><p>$4.49</p><a href="https://www.amazon.com/dp/B097DPQPYN?tag=eloabder-20&linkCode=osi&th=1&psc=1">View Product</a></div><div class="product"><a href="https://www.amazon.com/dp/B000MFN1G8?tag=eloabder-20&linkCode=osi&th=1&psc=1"><img src="https://m.media-amazon.com/images/I/41JPflroUEL._SL500_.jpg" alt="Product Image"></a><p>Compact Desktop Electric Pencil Sharpener, Black, Sold as 1 Each</p><p> -21% 0FF </p><p>$15.89</p><a href="https://www.amazon.com/dp/B000MFN1G8?tag=eloabder-20&linkCode=osi&th=1&psc=1">View Product</a></div><div class="product"><a href="https://www.amazon.com/dp/B00125KXGI?tag=eloabder-20&linkCode=osi&th=1&psc=1"><img src="https://m.media-amazon.com/images/I/51avY0bZv6L._SL500_.jpg" alt="Product Image"></a><p>Bostitch Office Personal Electric Pencil Sharpener, Powerful Stall-Free Motor, High Capacity Shavings Tray, Blue</p><p> -13% 0FF </p><p>$17.48</p><a href="https://www.amazon.com/dp/B00125KXGI?tag=eloabder-20&linkCode=osi&th=1&psc=1">View Product</a></div><div class="product"><a href="https://www.amazon.com/dp/B078DZY9Z5?tag=eloabder-20&linkCode=osi&th=1&psc=1"><img src="https://m.media-amazon.com/images/I/41KbUFGrXfL._SL500_.jpg" alt="Product Image"></a><p>JARLINK Electric Pencil Sharpener, Heavy-Duty Helical Blade to Fast Sharpen, Auto Stop for No.2/Colored Pencils(6-8mm), AC Adapter/Battery Operated in School Classroom/Office/Home (Black)</p><p> -21% 0FF </p><p>$16.98</p><a href="https://www.amazon.com/dp/B078DZY9Z5?tag=eloabder-20&linkCode=osi&th=1&psc=1">View Product</a></div><div class="product"><a href="https://www.amazon.com/dp/B08DLXH86D?tag=eloabder-20&linkCode=osi&th=1&psc=1"><img src="https://m.media-amazon.com/images/I/41UghsnBycL._SL500_.jpg" alt="Product Image"></a><p>Aogwat Pencil Sharpener Electric Pencil Sharpener for Kids, Blade to Fast Sharpen, Suitable for No.2/School/Classroom/Office/Home (Black)</p><p> -23% 0FF </p><p>$9.99</p><a href="https://www.amazon.com/dp/B08DLXH86D?tag=eloabder-20&linkCode=osi&th=1&psc=1">View Product</a></div><div class="product"><a href="https://www.amazon.com/dp/B000GP0VIU?tag=eloabder-20&linkCode=osi&th=1&psc=1"><img src="https://m.media-amazon.com/images/I/318OKKSwzbL._SL500_.jpg" alt="Product Image"></a><p>Bostitch Office Wall Mount Manual Pencil Sharpener, Tip Saver, 8 Hole Dial, 6X Longer Cutter Life, Vertical or Horizontal Mounting Black (MPS1-BLK)</p><p> -9% 0FF </p><p>$13.18</p><a href="https://www.amazon.com/dp/B000GP0VIU?tag=eloabder-20&linkCode=osi&th=1&psc=1">View Product</a></div>
<div class="product"><a href="https://www.amazon.com/dp/B00094H4LU?tag=eloabder-20&linkCode=osi&th=1&psc=1"><img src="https://m.media-amazon.com/images/I/41f-fbZYU1L._SL500_.jpg" alt="Product Image"></a><p>Paper Mate Erasers | Pink Pearl Large Erasers 12 Count</p><p> -55% 0FF </p><p>$6.03</p><a href="https://www.amazon.com/dp/B00094H4LU?tag=eloabder-20&linkCode=osi&th=1&psc=1">View Product</a></div><div class="product"><a href="https://www.amazon.com/dp/B07DPVVMWB?tag=eloabder-20&linkCode=osi&th=1&psc=1"><img src="https://m.media-amazon.com/images/I/51wLlsENgiL._SL500_.jpg" alt="Product Image"></a><p>Mr. Pen Erasers for Pencils, 120 Pack, Pencil Top Erasers, Eraser Caps, Cap Tops, Topper Erasers. Ereaser</p><p> -24% 0FF </p><p>$5.95</p><a href="https://www.amazon.com/dp/B07DPVVMWB?tag=eloabder-20&linkCode=osi&th=1&psc=1">View Product</a></div><div class="product"><a href="https://www.amazon.com/dp/B07144DC8V?tag=eloabder-20&linkCode=osi&th=1&psc=1"><img src="https://m.media-amazon.com/images/I/51Ed1+HW9cL._SL500_.jpg" alt="Product Image"></a><p>Pentel Hi-Polymer Block Eraser, White, 10/Box (ZEH10PC10)</p><p> -44% 0FF </p><p>$9.99</p><a href="https://www.amazon.com/dp/B07144DC8V?tag=eloabder-20&linkCode=osi&th=1&psc=1">View Product</a></div><div class="product"><a href="https://www.amazon.com/dp/B0047CT6SE?tag=eloabder-20&linkCode=osi&th=1&psc=1"><img src="https://m.media-amazon.com/images/I/41bhWXKeeiL._SL500_.jpg" alt="Product Image"></a><p>Pentel Clic Retractable Eraser with Grip, 3 Pack</p><p> -29% 0FF </p><p>$4.77</p><a href="https://www.amazon.com/dp/B0047CT6SE?tag=eloabder-20&linkCode=osi&th=1&psc=1">View Product</a></div>
<div class="product"><a href="https://www.amazon.com/dp/B09S9X3HV7?tag=eloabder-20&linkCode=osi&th=1&psc=1"><img src="https://m.media-amazon.com/images/I/51GgMyfl5VL._SL500_.jpg" alt="Product Image"></a><p>Color Transparent Ruler Plastic Rulers - Ruler 12 inch, Kids Ruler for School, Ruler with Centimeters, Millimeter and Inches, Assorted Colors, Clear Rulers, 7 Pack School Rulers</p><p> -16% 0FF </p><p>$5.99</p><a href="https://www.amazon.com/dp/B09S9X3HV7?tag=eloabder-20&linkCode=osi&th=1&psc=1">View Product</a></div><div class="product"><a href="https://www.amazon.com/dp/B06XK9VQM4?tag=eloabder-20&linkCode=osi&th=1&psc=1"><img src="https://m.media-amazon.com/images/I/51Glln3n-nL._SL500_.jpg" alt="Product Image"></a><p>Outus 12 Pack Wood Ruler Bulk for Students Wooden School Rulers Gifts Office Classroom Measuring, 2 Scale, 12 Inch and 30 cm</p><p> -6% 0FF </p><p>$7.99</p><a href="https://www.amazon.com/dp/B06XK9VQM4?tag=eloabder-20&linkCode=osi&th=1&psc=1">View Product</a></div><div class="product"><a href="https://www.amazon.com/dp/B0B5MLTG7J?tag=eloabder-20&linkCode=osi&th=1&psc=1"><img src="https://m.media-amazon.com/images/I/51z9LUxLKmL._SL500_.jpg" alt="Product Image"></a><p>DAGONGREN 30 Pack Clear Plastic Rulers 12 Inch,Transparent Assorted Color Metric Bulk Rulers with Inches and Centimeters,Kids Ruler for School,Home,Office</p><p> -9% 0FF </p><p>$9.99</p><a href="https://www.amazon.com/dp/B0B5MLTG7J?tag=eloabder-20&linkCode=osi&th=1&psc=1">View Product</a></div><div class="product"><a href="https://www.amazon.com/dp/B096MPPF53?tag=eloabder-20&linkCode=osi&th=1&psc=1"><img src="https://m.media-amazon.com/images/I/51qUpElDRcS._SL500_.jpg" alt="Product Image"></a><p>Tenare 1 Set Plastic Clear Math Set Includes Protractor Triangle Rulers 12 Inch 6 Inch Straight Geometry Math Transparent Ruler Measuring Tool for School Office Home Supplies(Clear)</p><p> -25% 0FF </p><p>$5.98</p><a href="https://www.amazon.com/dp/B096MPPF53?tag=eloabder-20&linkCode=osi&th=1&psc=1">View Product</a></div>
<div class="product"><a href="https://www.amazon.com/dp/B07YDDX4JL?tag=eloabder-20&linkCode=osi&th=1&psc=1"><img src="https://m.media-amazon.com/images/I/41oBPZwCRLL._SL500_.jpg" alt="Product Image"></a><p>3-Pack 8" Heavy Duty Scissors with Ultra Sharp Blades and Comfort Grip Handles - For Office, Home, School, Sewing, and Crafts</p><p> -15% 0FF </p><p>$8.49 ($2.83 / Count)</p><a href="https://www.amazon.com/dp/B07YDDX4JL?tag=eloabder-20&linkCode=osi&th=1&psc=1">View Product</a></div><div class="product"><a href="https://www.amazon.com/dp/B01BRGU8R0?tag=eloabder-20&linkCode=osi&th=1&psc=1"><img src="https://m.media-amazon.com/images/I/41ANVra+eNL._SL500_.jpg" alt="Product Image"></a><p>Amazon Basics Stainless Steel Scissors for Office, Crafts, Multipurpose, Sharp, Comfort Grip, PVD Coated, 3 Pack, Multicolor</p><p> -45% 0FF </p><p>$7.55</p><a href="https://www.amazon.com/dp/B01BRGU8R0?tag=eloabder-20&linkCode=osi&th=1&psc=1">View Product</a></div><div class="product"><a href="https://www.amazon.com/dp/B000P0LNRE?tag=eloabder-20&linkCode=osi&th=1&psc=1"><img src="https://m.media-amazon.com/images/I/41fWgMTO0JL._SL500_.jpg" alt="Product Image"></a><p>Westcott 8-Inch Titanium-Bonded Scissors with Adjustable Glide Feature for Office and Home - Gray/Yellow, 2-Pack</p><p> -33% 0FF </p><p>$9.97</p><a href="https://www.amazon.com/dp/B000P0LNRE?tag=eloabder-20&linkCode=osi&th=1&psc=1">View Product</a></div>
<div class="product"><a href="https://www.amazon.com/dp/B074ZRZ4CZ?tag=eloabder-20&linkCode=osi&th=1&psc=1"><img src="https://m.media-amazon.com/images/I/41bu+HKxC2L._SL500_.jpg" alt="Product Image"></a><p>Swingline Commercial Stapler, 20 Sheet Capacity, Jam Free, Metal, 2 Pack, Black (44401AZ)</p><p> -5% 0FF </p><p>$18.98</p><a href="https://www.amazon.com/dp/B074ZRZ4CZ?tag=eloabder-20&linkCode=osi&th=1&psc=1">View Product</a></div><div class="product"><a href="https://www.amazon.com/dp/B001PME62K?tag=eloabder-20&linkCode=osi&th=1&psc=1"><img src="https://m.media-amazon.com/images/I/41gbaJu-3iL._SL500_.jpg" alt="Product Image"></a><p>Swingline Stapler, 40 Sheet Capacity, Optima 40, Jam Free, Reduced Effort, Soft Grip, Metal, Orange and Gray (87845)</p><p> -14% 0FF </p><p>$24.19</p><a href="https://www.amazon.com/dp/B001PME62K?tag=eloabder-20&linkCode=osi&th=1&psc=1">View Product</a></div><div class="product"><a href="https://www.amazon.com/dp/B0D2JBKYM1?tag=eloabder-20&linkCode=osi&th=1&psc=1"><img src="https://m.media-amazon.com/images/I/41zFTU9QpfL._SL500_.jpg" alt="Product Image"></a><p>Bostitch Office Stapler, No-Jam Premium for Desktop, Includes 1,250 Staples, Full-Strip, 25 Sheet Capacity, Black</p><p> -26% 0FF </p><p>$6.99</p><a href="https://www.amazon.com/dp/B0D2JBKYM1?tag=eloabder-20&linkCode=osi&th=1&psc=1">View Product</a></div><div class="product"><a href="https://www.amazon.com/dp/B0CC5GJKM1?tag=eloabder-20&linkCode=osi&th=1&psc=1"><img src="https://m.media-amazon.com/images/I/41JDDoSZQiL._SL500_.jpg" alt="Product Image"></a><p>Metal Stapler Heavy Duty 50 Sheet Capacity with 1750 Staples and Staple Remover, Full Strip Staplers for Desk, No Jam, Non-Slip for Office & Classroom, Black</p><p> -33% 0FF </p><p>$13.29</p><a href="https://www.amazon.com/dp/B0CC5GJKM1?tag=eloabder-20&linkCode=osi&th=1&psc=1">View Product</a></div><div class="product"><a href="https://www.amazon.com/dp/B0006HUQZ6?tag=eloabder-20&linkCode=osi&th=1&psc=1"><img src="https://m.media-amazon.com/images/I/31e-T-f1TGL._SL500_.jpg" alt="Product Image"></a><p>Swingline Stapler, 30 Sheet Capacity, 747 Business Stapler, Jam Free, Metal, Rio Red (74736)</p><p> -23% 0FF </p><p>$15.30</p><a href="https://www.amazon.com/dp/B0006HUQZ6?tag=eloabder-20&linkCode=osi&th=1&psc=1">View Product</a></div>
<div class="product"><a href="https://www.amazon.com/dp/B00J8PJJF0?tag=eloabder-20&linkCode=osi&th=1&psc=1"><img src="https://m.media-amazon.com/images/I/418dc+5ZGkL._SL500_.jpg" alt="Product Image"></a><p>Bostitch Office Premium Standard Staples, 1/4" Full Strip, Box of 5,000 Staples</p><p> -27% 0FF </p><p>$4.39</p><a href="https://www.amazon.com/dp/B00J8PJJF0?tag=eloabder-20&linkCode=osi&th=1&psc=1">View Product</a></div><div class="product"><a href="https://www.amazon.com/dp/B079VYR12V?tag=eloabder-20&linkCode=osi&th=1&psc=1"><img src="https://m.media-amazon.com/images/I/51xAt88vqrL._SL500_.jpg" alt="Product Image"></a><p>Officemate Standard Staples, 10 Boxes General Purpose Staple (91950)</p><p> -10% 0FF </p><p>$14.37</p><a href="https://www.amazon.com/dp/B079VYR12V?tag=eloabder-20&linkCode=osi&th=1&psc=1">View Product</a></div><div class="product"><a href="https://www.amazon.com/dp/B00006IFMQ?tag=eloabder-20&linkCode=osi&th=1&psc=1"><img src="https://m.media-amazon.com/images/I/51UsWZuFq8L._SL500_.jpg" alt="Product Image"></a><p>Bostitch Office B8 PowerCrown 0.25 Inch Staples, Pack of 5,000 Staples (STCRP21151/4), Silver</p><p> -30% 0FF </p><p>$2.33</p><a href="https://www.amazon.com/dp/B00006IFMQ?tag=eloabder-20&linkCode=osi&th=1&psc=1">View Product</a></div>
<div class="product"><a href="https://www.amazon.com/dp/B000J07BRQ?tag=eloabder-20&linkCode=osi&th=1&psc=1"><img src="https://m.media-amazon.com/images/I/51QpJKjajbL._SL500_.jpg" alt="Product Image"></a><p>Scotch Heavy Duty Shipping Packing Tape, Clear, Packing Tape for Moving Boxes and Packaging Supplies, 1.88 in. x 22.2 yd., 6 Roll Dispensers, Moving Supplies</p><p> -35% 0FF </p><p>$12.99</p><a href="https://www.amazon.com/dp/B000J07BRQ?tag=eloabder-20&linkCode=osi&th=1&psc=1">View Product</a></div><div class="product"><a href="https://www.amazon.com/dp/B0000DH8HQ?tag=eloabder-20&linkCode=osi&th=1&psc=1"><img src="https://m.media-amazon.com/images/I/414lAY+087L._SL500_.jpg" alt="Product Image"></a><p>Scotch Magic Tape, Invisible Transparent Tape, 6 Tape Rolls with Dispensers, 3/4 in x 650 in</p><p> -23% 0FF </p><p>$12.34</p><a href="https://www.amazon.com/dp/B0000DH8HQ?tag=eloabder-20&linkCode=osi&th=1&psc=1">View Product</a></div><div class="product"><a href="https://www.amazon.com/dp/B0DQHV6X92?tag=eloabder-20&linkCode=osi&th=1&psc=1"><img src="https://m.media-amazon.com/images/I/51ViCFlgldL._SL500_.jpg" alt="Product Image"></a><p>BeataTap Tape, Invisible Tape, 6 Rolls + 6 Refillable Dispensers, Matte Finish, Writable, 3/4″ x 650″, Transparent Tape, Clear Tape for Gift Wrapping Paper, School Supplies</p><p> -15% 0FF </p><p>$5.94 ($0.99 / Count)</p><a href="https://www.amazon.com/dp/B0DQHV6X92?tag=eloabder-20&linkCode=osi&th=1&psc=1">View Product</a></div><div class="product"><a href="https://www.amazon.com/dp/B07CB6LN5S?tag=eloabder-20&linkCode=osi&th=1&psc=1"><img src="https://m.media-amazon.com/images/I/41NNyeISnjL._SL500_.jpg" alt="Product Image"></a><p>Scotch Super-Hold Tape, 2 Rolls, Transparent Finish, 50% More Adhesive, Trusted Favorite, 3/4 x 600 Inches, Dispensered (198DM-2)</p><p> -30% 0FF </p><p>$5.97</p><a href="https://www.amazon.com/dp/B07CB6LN5S?tag=eloabder-20&linkCode=osi&th=1&psc=1">View Product</a></div><div class="product"><a href="https://www.amazon.com/dp/B00464740A?tag=eloabder-20&linkCode=osi&th=1&psc=1"><img src="https://m.media-amazon.com/images/I/51ZPFoiGfuL._SL500_.jpg" alt="Product Image"></a><p>Scotch Sure Start Shipping Packaging Tape, 1.88" x 22.2 yd, Designed for Packing, Shipping and Mailing, Quiet Unwind, No Splitting or Tearing, 1.5" Core, Clear, 6 Dispensered Rolls (145-6)</p><p> -28% 0FF </p><p>$13.48</p><a href="https://www.amazon.com/dp/B00464740A?tag=eloabder-20&linkCode=osi&th=1&psc=1">View Product</a></div><div class="product"><a href="https://www.amazon.com/dp/B09C6LLG9P?tag=eloabder-20&linkCode=osi&th=1&psc=1"><img src="https://m.media-amazon.com/images/I/41rbv66ZNBL._SL500_.jpg" alt="Product Image"></a><p>Scotch Box Lock Packaging Tape, 1 Roll with Dispenser, 1.88 in x 1000 in, Extreme Grip, Sticks Instantly to Any Box (195L)</p><p> -31% 0FF </p><p>$4.12</p><a href="https://www.amazon.com/dp/B09C6LLG9P?tag=eloabder-20&linkCode=osi&th=1&psc=1">View Product</a></div>
<div class="product"><a href="https://www.amazon.com/dp/B08QQZ71CV?tag=eloabder-20&linkCode=osi&th=1&psc=1"><img src="https://m.media-amazon.com/images/I/51Foz0aGYoS._SL500_.jpg" alt="Product Image"></a><p>Gorilla Super Glue, Clear Glue, Four 3 Gram Tubes (Pack of 1) - All Purpose and Fast Setting for Projects and Repairs</p><p> -25% 0FF </p><p>$9.49 ($22.60 / Ounce)</p><a href="https://www.amazon.com/dp/B08QQZ71CV?tag=eloabder-20&linkCode=osi&th=1&psc=1">View Product</a></div><div class="product"><a href="https://www.amazon.com/dp/B07J6R3GK7?tag=eloabder-20&linkCode=osi&th=1&psc=1"><img src="https://m.media-amazon.com/images/I/31kdOjGBkpL._SL500_.jpg" alt="Product Image"></a><p>Amazon Basics All Purpose Washable School Clear Liquid Glue - Great for Making Slime, 128 fl oz</p><p> -6% 0FF </p><p>$16.13</p><a href="https://www.amazon.com/dp/B07J6R3GK7?tag=eloabder-20&linkCode=osi&th=1&psc=1">View Product</a></div><div class="product"><a href="https://www.amazon.com/dp/B00178QQJ8?tag=eloabder-20&linkCode=osi&th=1&psc=1"><img src="https://m.media-amazon.com/images/I/41zs6k410RL._SL500_.jpg" alt="Product Image"></a><p>Mod Podge Gloss Sealer, Glue & Finish: All-in-One Craft Solution- Quick Dry, Easy Clean, for Wood, Paper, Fabric & More. Non-Toxic - Craft with Confidence, Made in USA, 16 oz., Pack of 1</p><p> -36% 0FF </p><p>$7.99 ($0.50 / Fl Oz)</p><a href="https://www.amazon.com/dp/B00178QQJ8?tag=eloabder-20&linkCode=osi&th=1&psc=1">View Product</a></div><div class="product"><a href="https://www.amazon.com/dp/B073V14DZJ?tag=eloabder-20&linkCode=osi&th=1&psc=1"><img src="https://m.media-amazon.com/images/I/31Iyy5+vk6L._SL500_.jpg" alt="Product Image"></a><p>Amazon Basics All Purpose Washable School Craft Liquid Glue for Making Slime, White, Single Pack, 1 Gallon</p><p> -7% 0FF </p><p>$15.54</p><a href="https://www.amazon.com/dp/B073V14DZJ?tag=eloabder-20&linkCode=osi&th=1&psc=1">View Product</a></div><div class="product"><a href="https://www.amazon.com/dp/B0006HUJCQ?tag=eloabder-20&linkCode=osi&th=1&psc=1"><img src="https://m.media-amazon.com/images/I/511pTqChTCL._SL500_.jpg" alt="Product Image"></a><p>Loctite Super Glue Gel Control, Clear, 0.14 fl oz Bottle, 1 Pack - Superglue for Plastic, Wood, Metal, Crafts & Repair, Cyanoacrylate Adhesive Instant Glue, Quick Dry</p><p> -13% 0FF </p><p>$3.64 ($26.00 / Fl Oz)</p><a href="https://www.amazon.com/dp/B0006HUJCQ?tag=eloabder-20&linkCode=osi&th=1&psc=1">View Product</a></div>
<div class="product"><a href="https://www.amazon.com/dp/B074XTRX7K?tag=eloabder-20&linkCode=osi&th=1&psc=1"><img src="https://m.media-amazon.com/images/I/31rOPIrMfDL._SL500_.jpg" alt="Product Image"></a><p>Amazon Basics Sturdy Binder Clips for Office Use, 96 Count (8 Pack of 12), Medium, 1.25 in, Black</p><p> -26% 0FF </p><p>$7.48</p><a href="https://www.amazon.com/dp/B074XTRX7K?tag=eloabder-20&linkCode=osi&th=1&psc=1">View Product</a></div><div class="product"><a href="https://www.amazon.com/dp/B00TQ8FDB8?tag=eloabder-20&linkCode=osi&th=1&psc=1"><img src="https://m.media-amazon.com/images/I/51y7lUrMLnL._SL500_.jpg" alt="Product Image"></a><p>ACCO Binder Clips, Medium, Black, 12 per Box, 2 Boxes (72062)</p><p> -25% 0FF </p><p>$5.96</p><a href="https://www.amazon.com/dp/B00TQ8FDB8?tag=eloabder-20&linkCode=osi&th=1&psc=1">View Product</a></div><div class="product"><a href="https://www.amazon.com/dp/B08KWCDP3C?tag=eloabder-20&linkCode=osi&th=1&psc=1"><img src="https://m.media-amazon.com/images/I/41qucDz6HuL._SL500_.jpg" alt="Product Image"></a><p>Ufmarine Medium Binder Clips 1.25 inch Length, (40 Pcs) Colorful Paper Clips Medium for Office</p><p> -12% 0FF </p><p>$5.99</p><a href="https://www.amazon.com/dp/B08KWCDP3C?tag=eloabder-20&linkCode=osi&th=1&psc=1">View Product</a></div>
<div class="product"><a href="https://www.amazon.com/dp/B09XQLJFDD?tag=eloabder-20&linkCode=osi&th=1&psc=1"><img src="https://m.media-amazon.com/images/I/41iiSFMy4uL._SL500_.jpg" alt="Product Image"></a><p>PAPERPAL Paperclips for Office School & Personal Use, #1 Nonskid Paper Clip (1-2/7"), 600 Medium Paper Clips (6 Boxes of 100 Each), Silver</p><p> -20% 0FF </p><p>$7.99</p><a href="https://www.amazon.com/dp/B09XQLJFDD?tag=eloabder-20&linkCode=osi&th=1&psc=1">View Product</a></div>

<div class="product"><a href="https://www.amazon.com/dp/B004I2G8NO?tag=eloabder-20&linkCode=osi&th=1&psc=1"><img src="https://m.media-amazon.com/images/I/51WEsLRINGL._SL500_.jpg" alt="Product Image"></a><p>Business Source Rubber Band, Natural (1914LB)</p><p> -26% 0FF </p><p>$4.00</p><a href="https://www.amazon.com/dp/B004I2G8NO?tag=eloabder-20&linkCode=osi&th=1&psc=1">View Product</a></div><div class="product"><a href="https://www.amazon.com/dp/B077GDY1LP?tag=eloabder-20&linkCode=osi&th=1&psc=1"><img src="https://m.media-amazon.com/images/I/41nn0nmNTiL._SL500_.jpg" alt="Product Image"></a><p>ANNIE 1000 RUBBER BANDS 1/2" #BLACK</p><p> -7% 0FF </p><p>$4.90 ($1.22 / Count)</p><a href="https://www.amazon.com/dp/B077GDY1LP?tag=eloabder-20&linkCode=osi&th=1&psc=1">View Product</a></div><div class="product"><a href="https://www.amazon.com/dp/B000783OPI?tag=eloabder-20&linkCode=osi&th=1&psc=1"><img src="https://m.media-amazon.com/images/I/510okXKzMqL._SL500_.jpg" alt="Product Image"></a><p>Universal 00419 19-Size Rubber Bands (335 Per Pack), Beige</p><p> -29% 0FF </p><p>$3.44</p><a href="https://www.amazon.com/dp/B000783OPI?tag=eloabder-20&linkCode=osi&th=1&psc=1">View Product</a></div><div class="product"><a href="https://www.amazon.com/dp/B00006IBRU?tag=eloabder-20&linkCode=osi&th=1&psc=1"><img src="https://m.media-amazon.com/images/I/51pU5khkX8L._SL500_.jpg" alt="Product Image"></a><p>ALL26335 - Alliance Rubber 26335 Advantage Rubber Bands - Size #33, Natural, 1 Pound 3 x 1/8 inches</p><p> -62% 0FF </p><p>$3.29</p><a href="https://www.amazon.com/dp/B00006IBRU?tag=eloabder-20&linkCode=osi&th=1&psc=1">View Product</a></div>
<div class="product"><a href="https://www.amazon.com/dp/B0DSKTZBB6?tag=eloabder-20&linkCode=osi&th=1&psc=1"><img src="https://m.media-amazon.com/images/I/415YD3kNFlL._SL500_.jpg" alt="Product Image"></a><p>300 Count Colored Index Cards 3 x 5 Inch Ruled Index Cards, Flash Cards College Ruled for School, College, Office and Home Organization, Durable Study To Do List Note Cards with Ruled Lines</p><p> -10% 0FF </p><p>$6.29</p><a href="https://www.amazon.com/dp/B0DSKTZBB6?tag=eloabder-20&linkCode=osi&th=1&psc=1">View Product</a></div><div class="product"><a href="https://www.amazon.com/dp/B09JYQZQ3V?tag=eloabder-20&linkCode=osi&th=1&psc=1"><img src="https://m.media-amazon.com/images/I/41y5vfnutuL._SL500_.jpg" alt="Product Image"></a><p>Oxford Index Cards, 3 x 5 Inches, White, Lined on Front, Blank on Back, Flashcards for School and Studying, Recipe Note Cards, 500 Count (5 Packs of 100) (40176)</p><p> -22% 0FF </p><p>$7.01</p><a href="https://www.amazon.com/dp/B09JYQZQ3V?tag=eloabder-20&linkCode=osi&th=1&psc=1">View Product</a></div>
<div class="product"><a href="https://www.amazon.com/dp/B00P9U2EM8?tag=eloabder-20&linkCode=osi&th=1&psc=1"><img src="https://m.media-amazon.com/images/I/41Op5kyIukL._SL500_.jpg" alt="Product Image"></a><p>Mead Spiral Notebook, 6 Pack, 1 Subject, College Ruled Paper, 7-1/2" x 10-1/2", 70 Sheets per Notebook, Colors Will Vary (830062-ECM25)</p><p> -46% 0FF </p><p>$6.71</p><a href="https://www.amazon.com/dp/B00P9U2EM8?tag=eloabder-20&linkCode=osi&th=1&psc=1">View Product</a></div><div class="product"><a href="https://www.amazon.com/dp/B0CQN8FVJX?tag=eloabder-20&linkCode=osi&th=1&psc=1"><img src="https://m.media-amazon.com/images/I/414WVVoGFPL._SL500_.jpg" alt="Product Image"></a><p>SUNEE Spiral Notebooks, 1-Subject, 5 Pack, College Ruled Paper, 8" x 10-1/2", 70 Sheets per Notebook,3-Hole Punched Paper, Pink,Purple, Blue, Green, Yellow Spiral Lined Notebooks for School,Work</p><p> -29% 0FF </p><p>$9.99</p><a href="https://www.amazon.com/dp/B0CQN8FVJX?tag=eloabder-20&linkCode=osi&th=1&psc=1">View Product</a></div><div class="product"><a href="https://www.amazon.com/dp/B08NYRMWZ8?tag=eloabder-20&linkCode=osi&th=1&psc=1"><img src="https://m.media-amazon.com/images/I/41y1cnNXtOL._SL500_.jpg" alt="Product Image"></a><p>Yansanido Spiral Notebook, 4 Pcs 8.3 Inch x 5.9 Inch A5 Thick Plastic Hardcover 8mm Ruled 4 Color 80 Sheets -160 Pages Journals for Study and Notes (style 10-Wine Red,Brown,Green,ivory, A5)</p><p> -23% 0FF </p><p>$9.99</p><a href="https://www.amazon.com/dp/B08NYRMWZ8?tag=eloabder-20&linkCode=osi&th=1&psc=1">View Product</a></div><div class="product"><a href="https://www.amazon.com/dp/B08VF9VYLZ?tag=eloabder-20&linkCode=osi&th=1&psc=1"><img src="https://m.media-amazon.com/images/I/41ktUSmtHAL._SL500_.jpg" alt="Product Image"></a><p>Oxford Spiral Notebooks, 6 Pack, 1 Subject, Wide Ruled Notebooks for School, 8 x 10.5 Inches, 70 Sheets, Assorted Pastel Colors, Back to School Supplies (63757)</p><p> -6% 0FF </p><p>$8.99</p><a href="https://www.amazon.com/dp/B08VF9VYLZ?tag=eloabder-20&linkCode=osi&th=1&psc=1">View Product</a></div>
<div class="product"><a href="https://www.amazon.com/dp/B0FDRCSXZH?tag=eloabder-20&linkCode=osi&th=1&psc=1"><img src="https://m.media-amazon.com/images/I/41rYztS-0zL._SL500_.jpg" alt="Product Image"></a><p>5pcs Small Note Pads, Color Notepads 5x8 College Ruled Notebook, Writing Pads 5 x 8, Legal Pads, Memo Pad Paper Perforate Narrow Ruled Notebooks for Work, School, Office Supplies,30 Sheets/Pack</p><p> -14% 0FF </p><p>$5.99</p><a href="https://www.amazon.com/dp/B0FDRCSXZH?tag=eloabder-20&linkCode=osi&th=1&psc=1">View Product</a></div><div class="product"><a href="https://www.amazon.com/dp/B0BZQNCV62?tag=eloabder-20&linkCode=osi&th=1&psc=1"><img src="https://m.media-amazon.com/images/I/41yNqvqCwoL._SL500_.jpg" alt="Product Image"></a><p>Alitte Legal Notepads 8.5 x 11, Pack of 12 - Perforated Wide Ruled Writing Pad - Premium Thick Paper, No Ink Bleeding - Blank Legal Pads For Home, Office, School, Business - 50 Sheets Per Notebook</p><p> -17% 0FF </p><p>$24.99</p><a href="https://www.amazon.com/dp/B0BZQNCV62?tag=eloabder-20&linkCode=osi&th=1&psc=1">View Product</a></div>
<div class="product"><a href="https://www.amazon.com/dp/B0C7S1PCX4?tag=eloabder-20&linkCode=osi&th=1&psc=1"><img src="https://m.media-amazon.com/images/I/41nVRBg2klL._SL500_.jpg" alt="Product Image"></a><p>Oxford 8.5 x 11 Legal Pads, 12 Pack, Wide Ruled, Yellow Paper, 50 Sheets Per Writing Pad, Made in the USA (74020)</p><p> -30% 0FF </p><p>$12.60</p><a href="https://www.amazon.com/dp/B0C7S1PCX4?tag=eloabder-20&linkCode=osi&th=1&psc=1">View Product</a></div><div class="product"><a href="https://www.amazon.com/dp/B0CGF22134?tag=eloabder-20&linkCode=osi&th=1&psc=1"><img src="https://m.media-amazon.com/images/I/41FzLgeXAyL._SL500_.jpg" alt="Product Image"></a><p>MSKKSM Legal Pads 8.5 x 11, 3 Pack Yellow Note Pads 8.5 x 11 Writing Pads, Wide Ruled Legal Notepads, Lined Pads of Paper Yellow Paper Pads, 30 Sheets Per Notepad for School, Home, Office, Business</p><p> -17% 0FF </p><p>$9.99</p><a href="https://www.amazon.com/dp/B0CGF22134?tag=eloabder-20&linkCode=osi&th=1&psc=1">View Product</a></div><div class="product"><a href="https://www.amazon.com/dp/B0FCMWHFC2?tag=eloabder-20&linkCode=osi&th=1&psc=1"><img src="https://m.media-amazon.com/images/I/41MMVFB-S4L._SL500_.jpg" alt="Product Image"></a><p>5pcs Legal Pads 8.5 x 11, Notepads 8.5 x 11 Inch, Color Note Pads Clear Print Writing Pads of Paper, Memo Pads , Perforate Legal Notepads Paper , Wide Ruled Lined with Sturdy Back,30 Sheets/Pack</p><p> -8% 0FF </p><p>$11.99</p><a href="https://www.amazon.com/dp/B0FCMWHFC2?tag=eloabder-20&linkCode=osi&th=1&psc=1">View Product</a></div>
<div class="product"><a href="https://www.amazon.com/dp/B08H593JZG?tag=eloabder-20&linkCode=osi&th=1&psc=1"><img src="https://m.media-amazon.com/images/I/415Ykzo-lyL._SL500_.jpg" alt="Product Image"></a><p>Eastern Wolf 8 Pads Sticky Notes 3x3 Self-Stick Notes 8 Bright Multi Colors Purple Sticky Notes, 85 Sheet/Pad</p><p> -20% 0FF </p><p>$5.59</p><a href="https://www.amazon.com/dp/B08H593JZG?tag=eloabder-20&linkCode=osi&th=1&psc=1">View Product</a></div><div class="product"><a href="https://www.amazon.com/dp/B0BPJW13CM?tag=eloabder-20&linkCode=osi&th=1&psc=1"><img src="https://m.media-amazon.com/images/I/41uKwTyz1rL._SL500_.jpg" alt="Product Image"></a><p>Post-it 100% Recycled Paper Super Sticky Notes, 2X The Sticking Power, 3x3 in, 5 Pads, 70 Sheets/Pad, Wanderlust Pastels Collection (654R-5SSNRP)</p><p> -33% 0FF </p><p>$5.98</p><a href="https://www.amazon.com/dp/B0BPJW13CM?tag=eloabder-20&linkCode=osi&th=1&psc=1">View Product</a></div><div class="product"><a href="https://www.amazon.com/dp/B0D6RPPK9H?tag=eloabder-20&linkCode=osi&th=1&psc=1"><img src="https://m.media-amazon.com/images/I/41O8zZ-RN4L._SL500_.jpg" alt="Product Image"></a><p>(18 Pads) Sticky Notes 3x3 inch, Self-Stick Pads Bright Colors Sticky Note, Recyclable, Easy to Post for Home, Office, Notebook</p><p> -40% 0FF </p><p>$8.39</p><a href="https://www.amazon.com/dp/B0D6RPPK9H?tag=eloabder-20&linkCode=osi&th=1&psc=1">View Product</a></div><div class="product"><a href="https://www.amazon.com/dp/B0CMGJ6FRB?tag=eloabder-20&linkCode=osi&th=1&psc=1"><img src="https://m.media-amazon.com/images/I/41xF9DqIGZL._SL500_.jpg" alt="Product Image"></a><p>Sticky Notes, 12 Pads, 3x3 inches, Soft Pastel Self-Stick Note Pads, Perfect for Office, Study, and Daily Life Organization - Soft Pastel</p><p> -16% 0FF </p><p>$5.06</p><a href="https://www.amazon.com/dp/B0CMGJ6FRB?tag=eloabder-20&linkCode=osi&th=1&psc=1">View Product</a></div>
<div class="product"><a href="https://www.amazon.com/dp/B07VRYX57R?tag=eloabder-20&linkCode=osi&th=1&psc=1"><img src="https://m.media-amazon.com/images/I/410XbLRqukL._SL500_.jpg" alt="Product Image"></a><p>(24 Pack) Sticky Notes 3x3 in Post Bright Stickies Colorful Super Sticking Power Memo Pads, Strong Adhesive, 74 Sheets/pad</p><p> -35% 0FF </p><p>$16.99</p><a href="https://www.amazon.com/dp/B07VRYX57R?tag=eloabder-20&linkCode=osi&th=1&psc=1">View Product</a></div><div class="product"><a href="https://www.amazon.com/dp/B00QSR9PRI?tag=eloabder-20&linkCode=osi&th=1&psc=1"><img src="https://m.media-amazon.com/images/I/31n-YNlgraL._SL500_.jpg" alt="Product Image"></a><p>Amazon Basics Narrow Ruled Lined Writing Note Pad, 5 inch x 8 inch, White, 12 Count (12 Pack of 50 pages)</p><p> -6% 0FF </p><p>$8.78</p><a href="https://www.amazon.com/dp/B00QSR9PRI?tag=eloabder-20&linkCode=osi&th=1&psc=1">View Product</a></div><div class="product"><a href="https://www.amazon.com/dp/B0D5M4D3NN?tag=eloabder-20&linkCode=osi&th=1&psc=1"><img src="https://m.media-amazon.com/images/I/41uzPvHBCDL._SL500_.jpg" alt="Product Image"></a><p>(12 Pack) Lined Sticky Notes 4x6 in Ruled Stickies Super Sticking Power Memo Pads Bright Colors</p><p> -40% 0FF </p><p>$8.98</p><a href="https://www.amazon.com/dp/B0D5M4D3NN?tag=eloabder-20&linkCode=osi&th=1&psc=1">View Product</a></div><div class="product"><a href="https://www.amazon.com/dp/B0CQK3M5VK?tag=eloabder-20&linkCode=osi&th=1&psc=1"><img src="https://m.media-amazon.com/images/I/31jKEzc1qFL._SL500_.jpg" alt="Product Image"></a><p>Note Pads 4x6 Inch, 6 Pack Blank Scratch Pads, 50 Sheets Per Memo Pad for Writing, White Pad of Paper Suit for Home, Office and School, Tear off Notepad, Small Server Notebook</p><p> -10% 0FF </p><p>$6.29</p><a href="https://www.amazon.com/dp/B0CQK3M5VK?tag=eloabder-20&linkCode=osi&th=1&psc=1">View Product</a></div>
<div class="product"><a href="https://www.amazon.com/dp/B0F5D4VNBX?tag=eloabder-20&linkCode=osi&th=1&psc=1"><img src="https://m.media-amazon.com/images/I/41SnXbixNcL._SL500_.jpg" alt="Product Image"></a><p>Blue Sky 2026 Weekly and Monthly Planner Calendar, Includes January 2026 - December 2026, 5" x 8", Flexible Cover, Wirebound, Laminated Tabs, Enterprise</p><p> -10% 0FF </p><p>$8.99</p><a href="https://www.amazon.com/dp/B0F5D4VNBX?tag=eloabder-20&linkCode=osi&th=1&psc=1">View Product</a></div><div class="product"><a href="https://www.amazon.com/dp/B0FRNQDRCR?tag=eloabder-20&linkCode=osi&th=1&psc=1"><img src="https://m.media-amazon.com/images/I/51rBf1oJchL._SL500_.jpg" alt="Product Image"></a><p>Essential PRO 2026 Daily, Weekly & Monthly Planner, 7"x9": 14 Months (Nov 2025 - Dec 2026) Monthly Tabs,Daily Tracking,Notes Pages,Storage Pocket,Bookmark w Sticky Notes (Tree Seasons)</p><p> -14% 0FF </p><p>$29.95</p><a href="https://www.amazon.com/dp/B0FRNQDRCR?tag=eloabder-20&linkCode=osi&th=1&psc=1">View Product</a></div><div class="product"><a href="https://www.amazon.com/dp/B0DYBQWJ5S?tag=eloabder-20&linkCode=osi&th=1&psc=1"><img src="https://m.media-amazon.com/images/I/41UP6Ui7BjL._SL500_.jpg" alt="Product Image"></a><p>AT-A-GLANCE 2026 Appointment Book Planner, Weekly, 8" x 11", Large, Quarter-Hourly, DayMinder, Black (G5200026)</p><p> -45% 0FF </p><p>$15.87</p><a href="https://www.amazon.com/dp/B0DYBQWJ5S?tag=eloabder-20&linkCode=osi&th=1&psc=1">View Product</a></div><div class="product"><a href="https://www.amazon.com/dp/B0DJ8SXCR4?tag=eloabder-20&linkCode=osi&th=1&psc=1"><img src="https://m.media-amazon.com/images/I/41sRmmLvCsL._SL500_.jpg" alt="Product Image"></a><p>Planner 2025-2026, Weekly and Monthly Calendar Academic Planner (July 2025 - June 2026), Hardcover Teacher School Student Agenda with Tabs, Ideal for School Office Supplies, A5 (6.3" x 8.5") - Green</p><p> -25% 0FF </p><p>$8.99</p><a href="https://www.amazon.com/dp/B0DJ8SXCR4?tag=eloabder-20&linkCode=osi&th=1&psc=1">View Product</a></div><div class="product"><a href="https://www.amazon.com/dp/B0D2VW43KP?tag=eloabder-20&linkCode=osi&th=1&psc=1"><img src="https://m.media-amazon.com/images/I/41eyA1Q1U4L._SL500_.jpg" alt="Product Image"></a><p>Forvencer 2026 Planner, Hardcover Calendar Planner Weekly and Monthly, January 2026 - December 2026, 8.5" x 11", Spiral Agenda Book with Tabs, Exquisite Daily Journal with Inner Pocket, Organizer Notebook for Office Home School, A4 Size, Green</p><p> -41% 0FF </p><p>$9.99</p><a href="https://www.amazon.com/dp/B0D2VW43KP?tag=eloabder-20&linkCode=osi&th=1&psc=1">View Product</a></div>
<div class="product"><a href="https://www.amazon.com/dp/B0DYBYRY3R?tag=eloabder-20&linkCode=osi&th=1&psc=1"><img src="https://m.media-amazon.com/images/I/41oxPcKnCuL._SL500_.jpg" alt="Product Image"></a><p>AT-A-GLANCE 2026 Desk Calendar, Monthly, Desk Pad, 21-3/4" x 17", Large, Ruled Blocks (SK240026)</p><p> -19% 0FF </p><p>$11.89</p><a href="https://www.amazon.com/dp/B0DYBYRY3R?tag=eloabder-20&linkCode=osi&th=1&psc=1">View Product</a></div><div class="product"><a href="https://www.amazon.com/dp/B0DXQ416QR?tag=eloabder-20&linkCode=osi&th=1&psc=1"><img src="https://m.media-amazon.com/images/I/41o3YUjfIVL._SL500_.jpg" alt="Product Image"></a><p>Aesthetic 2025-2026 Wall Calendar - Runs from May 2025 Until December 2026 - The Perfect Modern Calendar Planner for Easy Organizing</p><p> -43% 0FF </p><p>$3.99</p><a href="https://www.amazon.com/dp/B0DXQ416QR?tag=eloabder-20&linkCode=osi&th=1&psc=1">View Product</a></div><div class="product"><a href="https://www.amazon.com/dp/B0CCRXKSK8?tag=eloabder-20&linkCode=osi&th=1&psc=1"><img src="https://m.media-amazon.com/images/I/51eOdkimr+L._SL500_.jpg" alt="Product Image"></a><p>SUNEE Wall Calendar 2025-2026 Large 22.75"x15.5", 21 Month Calendar from October 2025 to June 2027, Vertical Extra Large Monthly Calendar 2026 for Wall, Seasons Color</p><p> -24% 0FF </p><p>$15.19</p><a href="https://www.amazon.com/dp/B0CCRXKSK8?tag=eloabder-20&linkCode=osi&th=1&psc=1">View Product</a></div><div class="product"><a href="https://www.amazon.com/dp/B0F7HZ7C9G?tag=eloabder-20&linkCode=osi&th=1&psc=1"><img src="https://m.media-amazon.com/images/I/41rkKO18HGL._SL500_.jpg" alt="Product Image"></a><p>Beautiful 2025-2026 Wall Calendar - Runs from July 2025 until December 2026 – Large 14.5" x 11.5" Office Wall Calendar for Easy Organizing</p><p> -10% 0FF </p><p>$8.99</p><a href="https://www.amazon.com/dp/B0F7HZ7C9G?tag=eloabder-20&linkCode=osi&th=1&psc=1">View Product</a></div><div class="product"><a href="https://www.amazon.com/dp/B0DYDC7ZLV?tag=eloabder-20&linkCode=osi&th=1&psc=1"><img src="https://m.media-amazon.com/images/I/51MOLWJ45HL._SL500_.jpg" alt="Product Image"></a><p>XISIDO 2025-2026 Wall Calendar, Calendar 2025-2026, 18 Month Calendar July 2025 - December 2026, 14.8" X 11.5", Calendar with Twin-Wire Binding, Hanging Hook and Julian Dates (Seasonal Designs)</p><p> -20% 0FF </p><p>$7.99</p><a href="https://www.amazon.com/dp/B0DYDC7ZLV?tag=eloabder-20&linkCode=osi&th=1&psc=1">View Product</a></div><div class="product"><a href="https://www.amazon.com/dp/B0D2KCVBBD?tag=eloabder-20&linkCode=osi&th=1&psc=1"><img src="https://m.media-amazon.com/images/I/51Eg-3ZKZxL._SL500_.jpg" alt="Product Image"></a><p>XISIDO Calendar 2025-2026, 18 Months Wall Calendar July 2025 to Dec 2026 Calendar with Julian Dates, 11" X 8.5" (Colorful)</p><p> -33% 0FF </p><p>$3.99</p><a href="https://www.amazon.com/dp/B0D2KCVBBD?tag=eloabder-20&linkCode=osi&th=1&psc=1">View Product</a></div><div class="product"><a href="https://www.amazon.com/dp/B0DY7R9226?tag=eloabder-20&linkCode=osi&th=1&psc=1"><img src="https://m.media-amazon.com/images/I/41eTUjCfzFL._SL500_.jpg" alt="Product Image"></a><p>Lbylyhxc Wall Calendar 2025-2026 - Runs from July 2025 to December 2026-18 Monthly Calendar 2026. Thick Paper includes major holidays and dedicated space for notes and important dates (Colorful Calendar 2025-2026)</p><p> -50% 0FF </p><p>$2.49</p><a href="https://www.amazon.com/dp/B0DY7R9226?tag=eloabder-20&linkCode=osi&th=1&psc=1">View Product</a></div>
<div class="product"><a href="https://www.amazon.com/dp/B00NI5LVAW?tag=eloabder-20&linkCode=osi&th=1&psc=1"><img src="https://m.media-amazon.com/images/I/31X0RgqQ1ML._SL500_.jpg" alt="Product Image"></a><p>Pendaflex File Folders, Letter Size, 1/3 Cut, Manila, 250 per Box (752250)</p><p> -11% 0FF </p><p>$26.50</p><a href="https://www.amazon.com/dp/B00NI5LVAW?tag=eloabder-20&linkCode=osi&th=1&psc=1">View Product</a></div><div class="product"><a href="https://www.amazon.com/dp/B0D1YBFHS8?tag=eloabder-20&linkCode=osi&th=1&psc=1"><img src="https://m.media-amazon.com/images/I/41qkHxiS+vL._SL500_.jpg" alt="Product Image"></a><p>SUNEE File Folders, 30 Pack Manilla Folders 8.5 x 11, Colored File Folders Home Office School Supplies for Documents Files Paper, 6 Assorted Colors</p><p> -26% 0FF </p><p>$9.99</p><a href="https://www.amazon.com/dp/B0D1YBFHS8?tag=eloabder-20&linkCode=osi&th=1&psc=1">View Product</a></div><div class="product"><a href="https://www.amazon.com/dp/B000DZ9XGO?tag=eloabder-20&linkCode=osi&th=1&psc=1"><img src="https://m.media-amazon.com/images/I/31WKzTB-4WL._SL500_.jpg" alt="Product Image"></a><p>Oxford Two-Pocket Folders, Assorted Colors, Letter Size, 25 per box (57513)</p><p> -32% 0FF </p><p>$12.23</p><a href="https://www.amazon.com/dp/B000DZ9XGO?tag=eloabder-20&linkCode=osi&th=1&psc=1">View Product</a></div><div class="product"><a href="https://www.amazon.com/dp/B0F8H75MLS?tag=eloabder-20&linkCode=osi&th=1&psc=1"><img src="https://m.media-amazon.com/images/I/41GV18+8+zL._SL500_.jpg" alt="Product Image"></a><p>Plastic Folders with Pockets, 6 Pack Document Folders with Business Card Slot, 2 Pocket Folders Back to School Supplies for Kids, Office</p><p> -33% 0FF </p><p>$5.99</p><a href="https://www.amazon.com/dp/B0F8H75MLS?tag=eloabder-20&linkCode=osi&th=1&psc=1">View Product</a></div><div class="product"><a href="https://www.amazon.com/dp/B0CPDTKFVF?tag=eloabder-20&linkCode=osi&th=1&psc=1"><img src="https://m.media-amazon.com/images/I/41PQ8ToLyhL._SL500_.jpg" alt="Product Image"></a><p>Aegero Plastic Folders with Pockets (7 Pack, Assorted Colors), Durable Heavy Duty File Folders with Business Card Slot, 2-Pocket Folder for Schoolwork & Office,Letter Size…</p><p> -11% 0FF </p><p>$7.99</p><a href="https://www.amazon.com/dp/B0CPDTKFVF?tag=eloabder-20&linkCode=osi&th=1&psc=1">View Product</a></div>
<div class="product"><a href="https://www.amazon.com/dp/B0CSPT4RFH?tag=eloabder-20&linkCode=osi&th=1&psc=1"><img src="https://m.media-amazon.com/images/I/31O8kdFg7FL._SL500_.jpg" alt="Product Image"></a><p>Two Tone Color File Folders 8.5 x 11 Inch, 1/3 Cut Tab File Folders Letter Size, Assorted Colors, Blue Red Green Yellow Orange Manila File Folders, School Business Office Folders for Document -15 Pack</p><p> -13% 0FF </p><p>$6.99</p><a href="https://www.amazon.com/dp/B0CSPT4RFH?tag=eloabder-20&linkCode=osi&th=1&psc=1">View Product</a></div><div class="product"><a href="https://www.amazon.com/dp/B01MXC0YS5?tag=eloabder-20&linkCode=osi&th=1&psc=1"><img src="https://m.media-amazon.com/images/I/41YLerNwKTL._SL500_.jpg" alt="Product Image"></a><p>Pendaflex Hanging File Folders, Letter Size, Assorted Colors, 1/5-Cut Adjustable Tabs, 25 Per Box (81663)</p><p> -7% 0FF </p><p>$13.99</p><a href="https://www.amazon.com/dp/B01MXC0YS5?tag=eloabder-20&linkCode=osi&th=1&psc=1">View Product</a></div><div class="product"><a href="https://www.amazon.com/dp/B0896Q5MMC?tag=eloabder-20&linkCode=osi&th=1&psc=1"><img src="https://m.media-amazon.com/images/I/41jDOLSqtWL._SL500_.jpg" alt="Product Image"></a><p>Pendaflex Two Tone Color File Folders, Letter Size, Assorted Colors (Teal, Violet, Gray, Navy and Burgundy), 1/3-Cut Tabs, 5 Color, 100/Box, (02315)</p><p> -27% 0FF </p><p>$13.89</p><a href="https://www.amazon.com/dp/B0896Q5MMC?tag=eloabder-20&linkCode=osi&th=1&psc=1">View Product</a></div><div class="product"><a href="https://www.amazon.com/dp/B0D1YCC6KK?tag=eloabder-20&linkCode=osi&th=1&psc=1"><img src="https://m.media-amazon.com/images/I/31aHHvZVc+L._SL500_.jpg" alt="Product Image"></a><p>SUNEE File Folders, 30 Pack Manilla Folders 8.5 x 11, Colored File Folders Home Office School Supplies for Documents Files Paper,6 Pastel Colors</p><p> -26% 0FF </p><p>$9.99</p><a href="https://www.amazon.com/dp/B0D1YCC6KK?tag=eloabder-20&linkCode=osi&th=1&psc=1">View Product</a></div>
<div class="product"><a href="https://www.amazon.com/dp/B0FGXLHFDD?tag=eloabder-20&linkCode=osi&th=1&psc=1"><img src="https://m.media-amazon.com/images/I/414ng1TKsOL._SL500_.jpg" alt="Product Image"></a><p>Trandraft Plastic Extra Capacity Hanging File Folders, 5 Inch Expanding Pocket with Movable Dividers, Letter Size Black File Folders with Insertable Tabs for Filing Cabine</p><p> -5% 0FF </p><p>$18.99</p><a href="https://www.amazon.com/dp/B0FGXLHFDD?tag=eloabder-20&linkCode=osi&th=1&psc=1">View Product</a></div><div class="product"><a href="https://www.amazon.com/dp/B08QTW4GJT?tag=eloabder-20&linkCode=osi&th=1&psc=1"><img src="https://m.media-amazon.com/images/I/41OVgNttdnL._SL500_.jpg" alt="Product Image"></a><p>Pendaflex Reinforced Hanging Folders, Letter Size, Assorted Colors 1/5 Cut, Tabs and Inserts, 25 Per Box (41522AMZ)</p><p> -32% 0FF </p><p>$13.99</p><a href="https://www.amazon.com/dp/B08QTW4GJT?tag=eloabder-20&linkCode=osi&th=1&psc=1">View Product</a></div><div class="product"><a href="https://www.amazon.com/dp/B07Y67ZCJS?tag=eloabder-20&linkCode=osi&th=1&psc=1"><img src="https://m.media-amazon.com/images/I/51g37Wkw2CL._SL500_.jpg" alt="Product Image"></a><p>EASEPRES 5 Pocket Mesh Hanging Wall File Organizer, Wall Mounted Mail Paper Document Folder Holder, Clipboard Storage Organization Magazine Rack with Nametag Label for Office Home School, Black</p><p> -30% 0FF </p><p>$22.99</p><a href="https://www.amazon.com/dp/B07Y67ZCJS?tag=eloabder-20&linkCode=osi&th=1&psc=1">View Product</a></div><div class="product"><a href="https://www.amazon.com/dp/B0CGWNNBCV?tag=eloabder-20&linkCode=osi&th=1&psc=1"><img src="https://m.media-amazon.com/images/I/31SGzCfPDcL._SL500_.jpg" alt="Product Image"></a><p>SUNEE 25 Count Hanging File Folders, Pastel Colors, Hanging File Folders Letter Size, Hanging Folders with 1/5-cut Tabs, Designed for Bulky Files, Filing Cabinets, Medical Charts</p><p> -15% 0FF </p><p>$16.99</p><a href="https://www.amazon.com/dp/B0CGWNNBCV?tag=eloabder-20&linkCode=osi&th=1&psc=1">View Product</a></div><div class="product"><a href="https://www.amazon.com/dp/B00006IF4G?tag=eloabder-20&linkCode=osi&th=1&psc=1"><img src="https://m.media-amazon.com/images/I/31LuYqWSObL._SL500_.jpg" alt="Product Image"></a><p>Smead Standard Hanging File Folders, 25 Count, Assorted Primaries, 1/5-Cut Adjustable Tabs, Letter Size (64059)</p><p> -7% 0FF </p><p>$13.55</p><a href="https://www.amazon.com/dp/B00006IF4G?tag=eloabder-20&linkCode=osi&th=1&psc=1">View Product</a></div>
<div class="product"><a href="https://www.amazon.com/dp/B0C77GP9XB?tag=eloabder-20&linkCode=osi&th=1&psc=1"><img src="https://m.media-amazon.com/images/I/415Jszg3LKL._SL500_.jpg" alt="Product Image"></a><p>SKYDUE Expanding File Organizer with 8 Pockets, Accordion File Folders with Labels, Portable Document Paper Bill Receipt Organizer, Home College School Office Supplies, Letter Size, Blue</p><p> -13% 0FF </p><p>$6.98</p><a href="https://www.amazon.com/dp/B0C77GP9XB?tag=eloabder-20&linkCode=osi&th=1&psc=1">View Product</a></div><div class="product"><a href="https://www.amazon.com/dp/B0013CETUQ?tag=eloabder-20&linkCode=osi&th=1&psc=1"><img src="https://m.media-amazon.com/images/I/51GxTzd4XbL._SL500_.jpg" alt="Product Image"></a><p>Pendaflex R217DHD Heavy-Duty Expanding Open Top File, 31 Pockets, 1/3 Tab, Letter, Brown</p><p> -36% 0FF </p><p>$15.90</p><a href="https://www.amazon.com/dp/B0013CETUQ?tag=eloabder-20&linkCode=osi&th=1&psc=1">View Product</a></div><div class="product"><a href="https://www.amazon.com/dp/B000UHJCZC?tag=eloabder-20&linkCode=osi&th=1&psc=1"><img src="https://m.media-amazon.com/images/I/31bbG1gUU2L._SL500_.jpg" alt="Product Image"></a><p>Pendaflex Expanding File Pockets, Letter Size, Redrope, 3.5" Expansion, Reinforced with DuPont™ Tyvek® Material, Redrope, 25 per Box (1524E-OX)</p><p> -9% 0FF </p><p>$27.37</p><a href="https://www.amazon.com/dp/B000UHJCZC?tag=eloabder-20&linkCode=osi&th=1&psc=1">View Product</a></div><div class="product"><a href="https://www.amazon.com/dp/B000FD9YHM?tag=eloabder-20&linkCode=osi&th=1&psc=1"><img src="https://m.media-amazon.com/images/I/511Yz6zbRaL._SL500_.jpg" alt="Product Image"></a><p>Pendaflex Heavy Duty Expanding File with Extra-Thick Cover, Tyvek Reinforced Edges, 21 Pockets, A–Z Tabs, Elastic Cord Closure, Letter Size (R117ALHD),Brown</p><p> -14% 0FF </p><p>$14.99</p><a href="https://www.amazon.com/dp/B000FD9YHM?tag=eloabder-20&linkCode=osi&th=1&psc=1">View Product</a></div>
<div class="product"><a href="https://www.amazon.com/dp/B07GKPZDG4?tag=eloabder-20&linkCode=osi&th=1&psc=1"><img src="https://m.media-amazon.com/images/I/51sUuF8kU-L._SL500_.jpg" alt="Product Image"></a><p>Cardinal Economy 3 Ring Binder, 1.5 Inch, Presentation View, Black, Holds 350 Sheets, Nonstick, PVC Free, 4 Pack of Binders (79519)</p><p> -42% 0FF </p><p>$9.19</p><a href="https://www.amazon.com/dp/B07GKPZDG4?tag=eloabder-20&linkCode=osi&th=1&psc=1">View Product</a></div><div class="product"><a href="https://www.amazon.com/dp/B0BF57LL4V?tag=eloabder-20&linkCode=osi&th=1&psc=1"><img src="https://m.media-amazon.com/images/I/317fBolZ+4L._SL500_.jpg" alt="Product Image"></a><p>1-inch 3 Ring Binder with 2 Interior Pockets, 1'' Basic Binders Holds US Letter Size 8.5'' x 11'' Paper - Versatile Binders for Office, Home, and School Use, 6 Pack (White)</p><p> -15% 0FF </p><p>$24.64</p><a href="https://www.amazon.com/dp/B0BF57LL4V?tag=eloabder-20&linkCode=osi&th=1&psc=1">View Product</a></div><div class="product"><a href="https://www.amazon.com/dp/B0BXKQ7YTW?tag=eloabder-20&linkCode=osi&th=1&psc=1"><img src="https://m.media-amazon.com/images/I/416TyBdEZYL._SL500_.jpg" alt="Product Image"></a><p>SUNEE 3 Ring Binder 1 Inch 4 Pack, Clear View 1" Binders Three Ring PVC-Free (Fit 8.5x11 Inches) for School or Office Supplies, Assorted Pastel</p><p> -17% 0FF </p><p>$14.85</p><a href="https://www.amazon.com/dp/B0BXKQ7YTW?tag=eloabder-20&linkCode=osi&th=1&psc=1">View Product</a></div><div class="product"><a href="https://www.amazon.com/dp/B0D2ZF8FHZ?tag=eloabder-20&linkCode=osi&th=1&psc=1"><img src="https://m.media-amazon.com/images/I/31smaJgK7vL._SL500_.jpg" alt="Product Image"></a><p>BinderX Extra Durable 3 Ring Binder, Round Rings 1 Inch Binder, Fits 175 Sheets of 8.5x11 Paper, Customizable View Cover with Inside Pockets, Cute 1" Binders, 1 Inch Binders 3 Ring, Pink</p><p> -36% 0FF </p><p>$8.99</p><a href="https://www.amazon.com/dp/B0D2ZF8FHZ?tag=eloabder-20&linkCode=osi&th=1&psc=1">View Product</a></div><div class="product"><a href="https://www.amazon.com/dp/B001B0GJDU?tag=eloabder-20&linkCode=osi&th=1&psc=1"><img src="https://m.media-amazon.com/images/I/41vpkaYBqsL._SL500_.jpg" alt="Product Image"></a><p>Avery Heavy-Duty View 3 Ring Binder, 1" One Touch Slant Rings, Holds 8.5" x 11" Paper, 1 Black Binder (05300)</p><p> -46% 0FF </p><p>$5.89</p><a href="https://www.amazon.com/dp/B001B0GJDU?tag=eloabder-20&linkCode=osi&th=1&psc=1">View Product</a></div>
<div class="product"><a href="https://www.amazon.com/dp/B092CM3KVX?tag=eloabder-20&linkCode=osi&th=1&psc=1"><img src="https://m.media-amazon.com/images/I/51kltWaLgmL._SL500_.jpg" alt="Product Image"></a><p>Avery Write & Erase Dividers for 3 Ring Binders, 8 Tabs per Set, Multicolor Big Tabs, Pastels, Binder Dividers Great for Organizing Reports, Projects, and More (16271)</p><p> -31% 0FF </p><p>$3.90</p><a href="https://www.amazon.com/dp/B092CM3KVX?tag=eloabder-20&linkCode=osi&th=1&psc=1">View Product</a></div><div class="product"><a href="https://www.amazon.com/dp/B08WBYPVGJ?tag=eloabder-20&linkCode=osi&th=1&psc=1"><img src="https://m.media-amazon.com/images/I/31NPQ52TfAL._SL500_.jpg" alt="Product Image"></a><p>Oxford Blank Write On Binder Dividers, 1/5 Cut Tabs, 3 Hole Punch Dividers in 5 Tab Sets, 100 Dividers, 20 Sets, White (89981)</p><p> -5% 0FF </p><p>$15.19</p><a href="https://www.amazon.com/dp/B08WBYPVGJ?tag=eloabder-20&linkCode=osi&th=1&psc=1">View Product</a></div><div class="product"><a href="https://www.amazon.com/dp/B0CZL39ZHS?tag=eloabder-20&linkCode=osi&th=1&psc=1"><img src="https://m.media-amazon.com/images/I/41APO6LBeCL._SL500_.jpg" alt="Product Image"></a><p>Forvencer 8 Count Dividers with Two Pockets, 8 tabs Binder Dividers for 3 Ring Binder Organizer, Multicolor, 1 Set</p><p> -25% 0FF </p><p>$5.99</p><a href="https://www.amazon.com/dp/B0CZL39ZHS?tag=eloabder-20&linkCode=osi&th=1&psc=1">View Product</a></div><div class="product"><a href="https://www.amazon.com/dp/B01FKMCNL6?tag=eloabder-20&linkCode=osi&th=1&psc=1"><img src="https://m.media-amazon.com/images/I/510vgT9G85L._SL500_.jpg" alt="Product Image"></a><p>Avery Binder Dividers - 5-Tab Insertable Multicolor Big Tabs for Binders, 6 Sets of Dividers (11109)</p><p> -11% 0FF </p><p>$5.78</p><a href="https://www.amazon.com/dp/B01FKMCNL6?tag=eloabder-20&linkCode=osi&th=1&psc=1">View Product</a></div><div class="product"><a href="https://www.amazon.com/dp/B0CQ4YNHX8?tag=eloabder-20&linkCode=osi&th=1&psc=1"><img src="https://m.media-amazon.com/images/I/315hb+NtGGL._SL500_.jpg" alt="Product Image"></a><p>Binder Dividers for 3 Ring Binder, 1/5 Cut Tabs, Letter Size, Blank Write On Page Dividers with 5 Big Tabs for School Office Home, 4 Sets, 20 Dividers, White</p><p> -14% 0FF </p><p>$5.98</p><a href="https://www.amazon.com/dp/B0CQ4YNHX8?tag=eloabder-20&linkCode=osi&th=1&psc=1">View Product</a></div><div class="product"><a href="https://www.amazon.com/dp/B01HC4KIVW?tag=eloabder-20&linkCode=osi&th=1&psc=1"><img src="https://m.media-amazon.com/images/I/412g1OcKv-L._SL500_.jpg" alt="Product Image"></a><p>Avery Big Tab Write & Erase Durable Plastic Dividers for 3 Ring Binders, 8-Tab Set, Bright Multicolor, 1 Set (16130)</p><p> -23% 0FF </p><p>$4.33</p><a href="https://www.amazon.com/dp/B01HC4KIVW?tag=eloabder-20&linkCode=osi&th=1&psc=1">View Product</a></div><div class="product"><a href="https://www.amazon.com/dp/B0000AQOB0?tag=eloabder-20&linkCode=osi&th=1&psc=1"><img src="https://m.media-amazon.com/images/I/51ek4ZNke4L._SL500_.jpg" alt="Product Image"></a><p>Avery 12 Tab Dividers for 3 Ring Binders, Customizable Table of Contents, Multicolor Tabs, 6 Sets (11196)</p><p> -36% 0FF </p><p>$17.99</p><a href="https://www.amazon.com/dp/B0000AQOB0?tag=eloabder-20&linkCode=osi&th=1&psc=1">View Product</a></div>
<div class="product"><a href="https://www.amazon.com/dp/B07R795LTM?tag=eloabder-20&linkCode=osi&th=1&psc=1"><img src="https://m.media-amazon.com/images/I/31OAmU6E5kL._SL500_.jpg" alt="Product Image"></a><p>Amazon Basics Polypropylene (PP) Sheet Protector, Non-Glare, 200 Pack, Clear</p><p> -13% 0FF </p><p>$10.40</p><a href="https://www.amazon.com/dp/B07R795LTM?tag=eloabder-20&linkCode=osi&th=1&psc=1">View Product</a></div><div class="product"><a href="https://www.amazon.com/dp/B0D62ZBV24?tag=eloabder-20&linkCode=osi&th=1&psc=1"><img src="https://m.media-amazon.com/images/I/41n9XbYoyhL._SL500_.jpg" alt="Product Image"></a><p>Aegero 65 Pack Clear Sheet Protectors, 8.5 x 11 inch Page Protectors for 3 Ring Binder,Top Loading Paper Protector for Documents and Photos,Letter Size</p><p> -20% 0FF </p><p>$3.99</p><a href="https://www.amazon.com/dp/B0D62ZBV24?tag=eloabder-20&linkCode=osi&th=1&psc=1">View Product</a></div><div class="product"><a href="https://www.amazon.com/dp/B08CMG5MCB?tag=eloabder-20&linkCode=osi&th=1&psc=1"><img src="https://m.media-amazon.com/images/I/410BZVBSLLL._SL500_.jpg" alt="Product Image"></a><p>Sheet Protectors, PANDRI 500 Pack Clear Heavy Duty Plastic Page Protectors Sheet Reinforced 11-Hole Fit for 3 Ring Binder Fits Standard 8.5 x 11 Paper, 9.25 x 11.25 Top Loaded, Excluding Acid</p><p> -15% 0FF </p><p>$22.94</p><a href="https://www.amazon.com/dp/B08CMG5MCB?tag=eloabder-20&linkCode=osi&th=1&psc=1">View Product</a></div><div class="product"><a href="https://www.amazon.com/dp/B0DZ6J73VW?tag=eloabder-20&linkCode=osi&th=1&psc=1"><img src="https://m.media-amazon.com/images/I/41NNzcs8bsL._SL500_.jpg" alt="Product Image"></a><p>TUOKCALB 50 Pack Clear Sheet Protectors for 3 Ring Binder, Polypropylene Acid-Free Material, 8.5 x 11 Inch Letter Size, Protector of Your Documents</p><p> -18% 0FF </p><p>$3.29</p><a href="https://www.amazon.com/dp/B0DZ6J73VW?tag=eloabder-20&linkCode=osi&th=1&psc=1">View Product</a></div><div class="product"><a href="https://www.amazon.com/dp/B0D294F9GZ?tag=eloabder-20&linkCode=osi&th=1&psc=1"><img src="https://m.media-amazon.com/images/I/41szN7I4ozL._SL500_.jpg" alt="Product Image"></a><p>Sheet Protectors 8.5 x11 Inch, 100 Pack Page Protectors for 3 Ring Binder, Top Loading Plastic Sleeves with Reinforced 3-Hole Punch for Binders, Letter Size, for Documents and Photos, Office Supplies.</p><p> -23% 0FF </p><p>$9.99</p><a href="https://www.amazon.com/dp/B0D294F9GZ?tag=eloabder-20&linkCode=osi&th=1&psc=1">View Product</a></div><div class="product"><a href="https://www.amazon.com/dp/B0D59XF4D3?tag=eloabder-20&linkCode=osi&th=1&psc=1"><img src="https://m.media-amazon.com/images/I/41EpBhN87iL._SL500_.jpg" alt="Product Image"></a><p>DOSEWART 70Pack Sheet Protectors, Clear Heavy Duty Plastic Page Protectors for 3 Ring Binder, Top Loading Sheet Protectors 8.5 x 11” for Photo, Paper, Document Protector</p><p> -43% 0FF </p><p>$3.99</p><a href="https://www.amazon.com/dp/B0D59XF4D3?tag=eloabder-20&linkCode=osi&th=1&psc=1">View Product</a></div>
<div class="product"><a href="https://www.amazon.com/dp/B000T9MP5U?tag=eloabder-20&linkCode=osi&th=1&psc=1"><img src="https://m.media-amazon.com/images/I/41zOycTbMML._SL500_.jpg" alt="Product Image"></a><p>Mead #10 Security Business Envelopes Letter Size 4-1/8" x 9-1/2" – Peel and Seal, Privacy Lined, No-Window, Press-It Seal-It Self-Adhesive for Home & Office Mailing, 45 Count (75026)</p><p> -13% 0FF </p><p>$3.57</p><a href="https://www.amazon.com/dp/B000T9MP5U?tag=eloabder-20&linkCode=osi&th=1&psc=1">View Product</a></div><div class="product"><a href="https://www.amazon.com/dp/B06VVLD2GL?tag=eloabder-20&linkCode=osi&th=1&psc=1"><img src="https://m.media-amazon.com/images/I/11zBoWnx9uL._SL500_.jpg" alt="Product Image"></a><p>Amazon Basics 10 Security-Tinted Self-Seal Business Letter Envelopes, Peel & Seal Adhesive Closure, White, 500-Pack</p><p> -5% 0FF </p><p>$18.04</p><a href="https://www.amazon.com/dp/B06VVLD2GL?tag=eloabder-20&linkCode=osi&th=1&psc=1">View Product</a></div><div class="product"><a href="https://www.amazon.com/dp/B07FMDV5LR?tag=eloabder-20&linkCode=osi&th=1&psc=1"><img src="https://m.media-amazon.com/images/I/41jTu3FDgaL._SL500_.jpg" alt="Product Image"></a><p>Quality Park #6 3/4 Self-Seal Security Envelopes, Security Tint and Pattern, Redi-Strip Closure, 24-lb White Wove, 3-5/8 x 6-1/2, 100/Box (QUA10417)</p><p> -23% 0FF </p><p>$4.99</p><a href="https://www.amazon.com/dp/B07FMDV5LR?tag=eloabder-20&linkCode=osi&th=1&psc=1">View Product</a></div>
<div class="product"><a href="https://www.amazon.com/dp/B00004Z5SM?tag=eloabder-20&linkCode=osi&th=1&psc=1"><img src="https://m.media-amazon.com/images/I/41LHX+FB2PL._SL500_.jpg" alt="Product Image"></a><p>Avery Easy Peel Printable Address Labels with Sure Feed, 1" x 2-5/8" Customizable Stickers, White, 750 Blank Mailing Labels, Great for Mailing, Shipping, and More (8160)</p><p> -48% 0FF </p><p>$8.99</p><a href="https://www.amazon.com/dp/B00004Z5SM?tag=eloabder-20&linkCode=osi&th=1&psc=1">View Product</a></div><div class="product"><a href="https://www.amazon.com/dp/B089LHX8Q6?tag=eloabder-20&linkCode=osi&th=1&psc=1"><img src="https://m.media-amazon.com/images/I/41+HcHENwbL._SL500_.jpg" alt="Product Image"></a><p>KKBESTPACK Half Sheet Shipping Labels for Laser and Inkjet Printers – 2 Per Page Self Adhesive Mailing Labels – White 8.5 x 5.5 (200 Labels) (2LP)</p><p> -10% 0FF </p><p>$9.86</p><a href="https://www.amazon.com/dp/B089LHX8Q6?tag=eloabder-20&linkCode=osi&th=1&psc=1">View Product</a></div><div class="product"><a href="https://www.amazon.com/dp/B001SN8ITI?tag=eloabder-20&linkCode=osi&th=1&psc=1"><img src="https://m.media-amazon.com/images/I/51vJip236KL._SL500_.jpg" alt="Product Image"></a><p>Avery Easy Peel Printable Address Labels with Sure Feed, 1" x 2-5/8" Customizable Stickers, White, 300 Blank Mailing Labels, Great for Mailing, Shipping, and More (18160)</p><p> -38% 0FF </p><p>$5.54</p><a href="https://www.amazon.com/dp/B001SN8ITI?tag=eloabder-20&linkCode=osi&th=1&psc=1">View Product</a></div><div class="product"><a href="https://www.amazon.com/dp/B0C2P8YTW2?tag=eloabder-20&linkCode=osi&th=1&psc=1"><img src="https://m.media-amazon.com/images/I/51EeHFqmTKL._SL500_.jpg" alt="Product Image"></a><p>FungLam 1" x 2-5/8" Shipping Address Labels 900 Label Stickers Paper for Laser/Inkjet Printer 30 per Page Printable Mailing Labels (30 Sheets, 900 Labels)</p><p> -25% 0FF </p><p>$5.99</p><a href="https://www.amazon.com/dp/B0C2P8YTW2?tag=eloabder-20&linkCode=osi&th=1&psc=1">View Product</a></div>
<div class="product"><a href="https://www.amazon.com/dp/B07X41JJXB?tag=eloabder-20&linkCode=osi&th=1&psc=1"><img src="https://m.media-amazon.com/images/I/31V4rpfdGtL._SL500_.jpg" alt="Product Image"></a><p>KKBESTPACK 100 Large Poly Mailers 10x13 Shipping Bags for Small Business – Self Sealing Package Envelopes (10 x 13 Pack of 100, Black)</p><p> -10% 0FF </p><p>$8.94 ($0.09 / Count)</p><a href="https://www.amazon.com/dp/B07X41JJXB?tag=eloabder-20&linkCode=osi&th=1&psc=1">View Product</a></div><div class="product"><a href="https://www.amazon.com/dp/B08C9T3997?tag=eloabder-20&linkCode=osi&th=1&psc=1"><img src="https://m.media-amazon.com/images/I/41CMEDIsQEL._SL500_.jpg" alt="Product Image"></a><p>Anylabel 2" x 3" Fragile Stickers for Shipping and Moving Please Handle with Care Fragile Thank You Do Not Drop, Warning Stickers Fragile Labels, Permanent Adhesive(500 Labels, 1 Roll)</p><p> -33% 0FF </p><p>$5.99</p><a href="https://www.amazon.com/dp/B08C9T3997?tag=eloabder-20&linkCode=osi&th=1&psc=1">View Product</a></div>

<div class="product"><a href="https://www.amazon.com/dp/B07S1JPBL3?tag=eloabder-20&linkCode=osi&th=1&psc=1"><img src="https://m.media-amazon.com/images/I/31f-QQIYroL._SL500_.jpg" alt="Product Image"></a><p>Amazon Basics Bubble Cushioning Wrap Packing Material for Fragile Items, Perforated, 12 inch x 175 ft Long Roll, Small 3/16", Clear</p><p> -6% 0FF </p><p>$21.99</p><a href="https://www.amazon.com/dp/B07S1JPBL3?tag=eloabder-20&linkCode=osi&th=1&psc=1">View Product</a></div><div class="product"><a href="https://www.amazon.com/dp/B0829D1D7V?tag=eloabder-20&linkCode=osi&th=1&psc=1"><img src="https://m.media-amazon.com/images/I/41azI2zaEYL._SL500_.jpg" alt="Product Image"></a><p>Bubble Cushioning Wrap Rolls, 3/16" x 12" x 72' ft Total [2 Rolls of 36 Feet] Perforated Every 12", 20 Fragile Stickers for Packaging, Shipping, Mailing</p><p> -14% 0FF </p><p>$18.99 ($9.50 / Count)</p><a href="https://www.amazon.com/dp/B0829D1D7V?tag=eloabder-20&linkCode=osi&th=1&psc=1">View Product</a></div><div class="product"><a href="https://www.amazon.com/dp/B011TB3UF0?tag=eloabder-20&linkCode=osi&th=1&psc=1"><img src="https://m.media-amazon.com/images/I/413RZYGr8kL._SL500_.jpg" alt="Product Image"></a><p>Duck Brand Bubble Wrap Original Protective Packaging, 12 Inches Wide x 30-Feet Long, Single Roll (393251), Clear</p><p> -26% 0FF </p><p>$8.85 ($0.30 / Sq Ft)</p><a href="https://www.amazon.com/dp/B011TB3UF0?tag=eloabder-20&linkCode=osi&th=1&psc=1">View Product</a></div>
<div class="product"><a href="https://www.amazon.com/dp/B016CV811U?tag=eloabder-20&linkCode=osi&th=1&psc=1"><img src="https://m.media-amazon.com/images/I/21hieSulLcL._SL500_.jpg" alt="Product Image"></a><p>MFLABEL Half Sheet Shipping Labels - 200 Self Adhesive Sticker Sheets for Laser & Inkjet Printers, Waterproof & Smudge-Free, with 12 Free Fragile Labels for Packaging, Shipping and Crafting</p><p> -5% 0FF </p><p>$9.49</p><a href="https://www.amazon.com/dp/B016CV811U?tag=eloabder-20&linkCode=osi&th=1&psc=1">View Product</a></div><div class="product"><a href="https://www.amazon.com/dp/B000093IJY?tag=eloabder-20&linkCode=osi&th=1&psc=1"><img src="https://m.media-amazon.com/images/I/51QdWTqr3AL._SL500_.jpg" alt="Product Image"></a><p>Avery Printable Shipping Labels with Sure Feed, 3-1/3" x 4", White, 150 Blank Mailing Labels (5264)</p><p> -20% 0FF </p><p>$13.62</p><a href="https://www.amazon.com/dp/B000093IJY?tag=eloabder-20&linkCode=osi&th=1&psc=1">View Product</a></div>
<div class="product"><a href="https://www.amazon.com/dp/B0B41X9SMT?tag=eloabder-20&linkCode=osi&th=1&psc=1"><img src="https://m.media-amazon.com/images/I/41CPFzKfW6L._SL500_.jpg" alt="Product Image"></a><p>Primy Drafting Chair Tall Office Chair with Flip-up Armrests Executive Ergonomic Computer Standing Desk Chair with Lumbar Support and Adjustable Footrest Ring (Black)</p><p> -16% 0FF </p><p>$108.96</p><a href="https://www.amazon.com/dp/B0B41X9SMT?tag=eloabder-20&linkCode=osi&th=1&psc=1">View Product</a></div><div class="product"><a href="https://www.amazon.com/dp/B0BFQX3YFY?tag=eloabder-20&linkCode=osi&th=1&psc=1"><img src="https://m.media-amazon.com/images/I/51+-fixEMUL._SL500_.jpg" alt="Product Image"></a><p>BlissTrends Foot Rest for Under Desk at Work-Versatile Foot Stool with Washable Cover-Comfortable Footrest with 2 Adjustable Heights for Car,Home and Office to Relieve Back,Lumbar,Knee Pain-Black</p><p> -39% 0FF </p><p>$18.99</p><a href="https://www.amazon.com/dp/B0BFQX3YFY?tag=eloabder-20&linkCode=osi&th=1&psc=1">View Product</a></div>
<div class="product"><a href="https://www.amazon.com/dp/B0CT8ZJ7ZC?tag=eloabder-20&linkCode=osi&th=1&psc=1"><img src="https://m.media-amazon.com/images/I/311UeVa48fL._SL500_.jpg" alt="Product Image"></a><p>HP OfficeJet Pro 8125e Wireless All-in-One Color Inkjet Printer, Print, scan, Copy, ADF, Duplex Printing Best-for-Home Office, 3 Month Instant Ink Trial Included, AI-Enabled (405T6A)</p><p> -21% 0FF </p><p>$109.99</p><a href="https://www.amazon.com/dp/B0CT8ZJ7ZC?tag=eloabder-20&linkCode=osi&th=1&psc=1">View Product</a></div><div class="product"><a href="https://www.amazon.com/dp/B0F1NJ75D5?tag=eloabder-20&linkCode=osi&th=1&psc=1"><img src="https://m.media-amazon.com/images/I/31pX+mOBu5L._SL500_.jpg" alt="Product Image"></a><p>HP DeskJet 2827e Wireless All-in-One Color Inkjet Printer, Scanner, Copier, Best-for-Home, 3 Month Instant Ink Trial Included, AI-Enabled (6W7F5A)</p><p> -41% 0FF </p><p>$49.99</p><a href="https://www.amazon.com/dp/B0F1NJ75D5?tag=eloabder-20&linkCode=osi&th=1&psc=1">View Product</a></div><div class="product"><a href="https://www.amazon.com/dp/B096N8DN2H?tag=eloabder-20&linkCode=osi&th=1&psc=1"><img src="https://m.media-amazon.com/images/I/316Ru3Zv4bL._SL500_.jpg" alt="Product Image"></a><p>Epson EcoTank ET-2800 Wireless Color All-in-One Cartridge-Free Supertank Printer with Scan and Copy â€“ The Ideal Basic Home Printer - Black, Medium</p><p> -25% 0FF </p><p>$179.99</p><a href="https://www.amazon.com/dp/B096N8DN2H?tag=eloabder-20&linkCode=osi&th=1&psc=1">View Product</a></div><div class="product"><a href="https://www.amazon.com/dp/B0FGC43YCL?tag=eloabder-20&linkCode=osi&th=1&psc=1"><img src="https://m.media-amazon.com/images/I/41LqmhjzXHL._SL500_.jpg" alt="Product Image"></a><p>Brother Work Smart 1360 Wireless Color Inkjet All-in-One Printer with Automatic Duplex Printing and 1.8” Color Display | Includes Refresh Subscription Trial(1) (MFC-J1360DW) (Uses LC501 Series Inks)</p><p> -18% 0FF </p><p>$89.99</p><a href="https://www.amazon.com/dp/B0FGC43YCL?tag=eloabder-20&linkCode=osi&th=1&psc=1">View Product</a></div><div class="product"><a href="https://www.amazon.com/dp/B0D1DV6FV5?tag=eloabder-20&linkCode=osi&th=1&psc=1"><img src="https://m.media-amazon.com/images/I/31-ZgpCGxiL._SL500_.jpg" alt="Product Image"></a><p>Canon PIXMA TS3720 Wireless All-in-One Printer (6671C022)</p><p> -38% 0FF </p><p>$54.00</p><a href="https://www.amazon.com/dp/B0D1DV6FV5?tag=eloabder-20&linkCode=osi&th=1&psc=1">View Product</a></div><div class="product"><a href="https://www.amazon.com/dp/B0BSMSYM9N?tag=eloabder-20&linkCode=osi&th=1&psc=1"><img src="https://m.media-amazon.com/images/I/31jPKfRqWSL._SL500_.jpg" alt="Product Image"></a><p>Canon MegaTank G3270 All-in-One Wireless Inkjet Printer. for Home Use, Print, Scan and Copy</p><p> -36% 0FF </p><p>$159.99</p><a href="https://www.amazon.com/dp/B0BSMSYM9N?tag=eloabder-20&linkCode=osi&th=1&psc=1">View Product</a></div>
<div class="product"><a href="https://www.amazon.com/dp/B0010JEJPC?tag=eloabder-20&linkCode=osi&th=1&psc=1"><img src="https://m.media-amazon.com/images/I/41O8Dj93QSL._SL500_.jpg" alt="Product Image"></a><p>Scotch TL901X Thermal Laminator, 1 Laminating Machine, Gray, Laminate School Assignments and Documents, for Dorm Room or School Supplies, 9 in.</p><p> -8% 0FF </p><p>$36.67</p><a href="https://www.amazon.com/dp/B0010JEJPC?tag=eloabder-20&linkCode=osi&th=1&psc=1">View Product</a></div><div class="product"><a href="https://www.amazon.com/dp/B0FRY6Z23J?tag=eloabder-20&linkCode=osi&th=1&psc=1"><img src="https://m.media-amazon.com/images/I/510BRY6bwzL._SL500_.jpg" alt="Product Image"></a><p>A3 Laminator Machine,13 Inch 9-in-1 Laminating Machine with Laminating Sheets,Thermal Laminator Hot & Cold with Fast Warm Technology for Home,Office or School Supplies(Black)</p><p> -80% 0FF </p><p>$49.99</p><a href="https://www.amazon.com/dp/B0FRY6Z23J?tag=eloabder-20&linkCode=osi&th=1&psc=1">View Product</a></div><div class="product"><a href="https://www.amazon.com/dp/B00CLV8ZIU?tag=eloabder-20&linkCode=osi&th=1&psc=1"><img src="https://m.media-amazon.com/images/I/414Ubx6GcML._SL500_.jpg" alt="Product Image"></a><p>Scotch PRO TL906 Thermal, Laminator Machine, 1 Laminating Device, White/Blue, Laminate Recipe Cards, Photos, Documents, for Home, Office, or School Supplies, 9 in</p><p> -42% 0FF </p><p>$43.80</p><a href="https://www.amazon.com/dp/B00CLV8ZIU?tag=eloabder-20&linkCode=osi&th=1&psc=1">View Product</a></div><div class="product"><a href="https://www.amazon.com/dp/B0CGC1WTV1?tag=eloabder-20&linkCode=osi&th=1&psc=1"><img src="https://m.media-amazon.com/images/I/41znZqCgzkL._SL500_.jpg" alt="Product Image"></a><p>Scotch Thermal Laminator, Extra Wide 13 Inch Input, Ideal for Teachers, Small Offices, or Home (TL1302X)</p><p> -24% 0FF </p><p>$47.58</p><a href="https://www.amazon.com/dp/B0CGC1WTV1?tag=eloabder-20&linkCode=osi&th=1&psc=1">View Product</a></div><div class="product"><a href="https://www.amazon.com/dp/B0FFSRRYQQ?tag=eloabder-20&linkCode=osi&th=1&psc=1"><img src="https://m.media-amazon.com/images/I/41n+2Vb8m2L._SL500_.jpg" alt="Product Image"></a><p>Laminator Machine, A4 Laminators Hot & Cold with 20 Laminating Sheets and Trimmer, 9 Inch Laminating Machine for Office, School, Business and Home</p><p> -57% 0FF </p><p>$29.99</p><a href="https://www.amazon.com/dp/B0FFSRRYQQ?tag=eloabder-20&linkCode=osi&th=1&psc=1">View Product</a></div><div class="product"><a href="https://www.amazon.com/dp/B007VBXB48?tag=eloabder-20&linkCode=osi&th=1&psc=1"><img src="https://m.media-amazon.com/images/I/41h-uQWFewL._SL500_.jpg" alt="Product Image"></a><p>Scotch Thermal Laminating Pouches, for Use with Thermal Laminators, 8.9 x 11.4 Inches, Letter Size Sheets, 100-Pack</p><p> -43% 0FF </p><p>$11.37</p><a href="https://www.amazon.com/dp/B007VBXB48?tag=eloabder-20&linkCode=osi&th=1&psc=1">View Product</a></div>
<div class="product"><a href="https://www.amazon.com/dp/B0CZP66BTJ?tag=eloabder-20&linkCode=osi&th=1&psc=1"><img src="https://m.media-amazon.com/images/I/410wj1x5eIL._SL500_.jpg" alt="Product Image"></a><p>Sweetcrispy Ergonomic Office Chair Heavy Duty Task Desk Chair with Flip-up Arms, PU Leather, Adjustable Swivel Rolling Chair with Wheels, Beige</p><p> -18% 0FF </p><p>$89.99</p><a href="https://www.amazon.com/dp/B0CZP66BTJ?tag=eloabder-20&linkCode=osi&th=1&psc=1">View Product</a></div><div class="product"><a href="https://www.amazon.com/dp/B00OCSNMO2?tag=eloabder-20&linkCode=osi&th=1&psc=1"><img src="https://m.media-amazon.com/images/I/41ZHAgGzr3L._SL500_.jpg" alt="Product Image"></a><p>Staples Hyken Ergonomic Swivel Task Chair, Adjustable Office Chair with Breathable Mesh and Lumbar Support, Perfect for Home and Office, Black</p><p> -7% 0FF </p><p>$129.99</p><a href="https://www.amazon.com/dp/B00OCSNMO2?tag=eloabder-20&linkCode=osi&th=1&psc=1">View Product</a></div><div class="product"><a href="https://www.amazon.com/dp/B0DXKCKPJG?tag=eloabder-20&linkCode=osi&th=1&psc=1"><img src="https://m.media-amazon.com/images/I/41HHOkCkcsL._SL500_.jpg" alt="Product Image"></a><p>Sweetcrispy Executive Home Office Desk Chair - Ergonomic Big Tall High Back with Footrest & Lumbar Support, Reclining Height Adjustable, Comfy PU Leather Computer Gaming with Swivel Wheels, White</p><p> -9% 0FF </p><p>$182.96</p><a href="https://www.amazon.com/dp/B0DXKCKPJG?tag=eloabder-20&linkCode=osi&th=1&psc=1">View Product</a></div><div class="product"><a href="https://www.amazon.com/dp/B0BHY5C5PC?tag=eloabder-20&linkCode=osi&th=1&psc=1"><img src="https://m.media-amazon.com/images/I/410TtD7nw9L._SL500_.jpg" alt="Product Image"></a><p>NEO CHAIR Office Desk Computer Chair Ergonomic Executive Mid-Back Leather Gaming Chair with Adjustable Flip-Up Armrests Wheels Swivel for Home Study Task (Jet Black)</p><p> -30% 0FF </p><p>$69.98</p><a href="https://www.amazon.com/dp/B0BHY5C5PC?tag=eloabder-20&linkCode=osi&th=1&psc=1">View Product</a></div>
<div class="product"><a href="https://www.amazon.com/dp/B08P3YVH3X?tag=eloabder-20&linkCode=osi&th=1&psc=1"><img src="https://m.media-amazon.com/images/I/41rW4JApydL._SL500_.jpg" alt="Product Image"></a><p>Epson Workforce ES-400 II Color Duplex Desktop Document Scanner for PC and Mac, with Auto Document Feeder (ADF) and Image Adjustment Tools, ES-400 II</p><p> -21% 0FF </p><p>$299.99</p><a href="https://www.amazon.com/dp/B08P3YVH3X?tag=eloabder-20&linkCode=osi&th=1&psc=1">View Product</a></div><div class="product"><a href="https://www.amazon.com/dp/B0F9B1H5VN?tag=eloabder-20&linkCode=osi&th=1&psc=1"><img src="https://m.media-amazon.com/images/I/41HifuXRYEL._SL500_.jpg" alt="Product Image"></a><p>ScanSnap iX2500 Wireless or USB High-Speed Cloud Enabled Document, Photo & Receipt Scanner with Large 5" Touchscreen and 100 Page Auto Document Feeder for Mac or PC, Black</p><p> -7% 0FF </p><p>$419.99</p><a href="https://www.amazon.com/dp/B0F9B1H5VN?tag=eloabder-20&linkCode=osi&th=1&psc=1">View Product</a></div><div class="product"><a href="https://www.amazon.com/dp/B07KQZWPYN?tag=eloabder-20&linkCode=osi&th=1&psc=1"><img src="https://m.media-amazon.com/images/I/21Ae0eJDWsL._SL500_.jpg" alt="Product Image"></a><p>Epson WorkForce ES-50 Portable Sheet-Fed Document Scanner for PC and Mac</p><p> -18% 0FF </p><p>$129.99</p><a href="https://www.amazon.com/dp/B07KQZWPYN?tag=eloabder-20&linkCode=osi&th=1&psc=1">View Product</a></div><div class="product"><a href="https://www.amazon.com/dp/B0C364K1SC?tag=eloabder-20&linkCode=osi&th=1&psc=1"><img src="https://m.media-amazon.com/images/I/41LKHn9dimL._SL500_.jpg" alt="Product Image"></a><p>Epson Perfection V19 II Color Photo and Document Flatbed Scanner with 4800 dpi Optical Resolution, USB Power and High-Rise, Removable Lid</p><p> -10% 0FF </p><p>$89.99</p><a href="https://www.amazon.com/dp/B0C364K1SC?tag=eloabder-20&linkCode=osi&th=1&psc=1">View Product</a></div><div class="product"><a href="https://www.amazon.com/dp/B09FX5SRQT?tag=eloabder-20&linkCode=osi&th=1&psc=1"><img src="https://m.media-amazon.com/images/I/41VnXqJ86dL._SL500_.jpg" alt="Product Image"></a><p>ScanSnap iX1300 Compact Wireless or USB Double-Sided Color Document, Photo & Receipt Scanner with Auto Document Feeder and Manual Feeder for Mac or PC, Black</p><p> -20% 0FF </p><p>$279.99</p><a href="https://www.amazon.com/dp/B09FX5SRQT?tag=eloabder-20&linkCode=osi&th=1&psc=1">View Product</a></div><div class="product"><a href="https://www.amazon.com/dp/B08P3ZT5WH?tag=eloabder-20&linkCode=osi&th=1&psc=1"><img src="https://m.media-amazon.com/images/I/410lohpNzaL._SL500_.jpg" alt="Product Image"></a><p>Epson Workforce ES-580W Wireless Color Duplex Desktop Document Scanner for PC and Mac with 100-sheet Auto Document Feeder (ADF) and Intuitive 4.3" Touchscreen</p><p> -20% 0FF </p><p>$359.99</p><a href="https://www.amazon.com/dp/B08P3ZT5WH?tag=eloabder-20&linkCode=osi&th=1&psc=1">View Product</a></div>
<div class="product"><a href="https://www.amazon.com/dp/B086BLQZ5L?tag=eloabder-20&linkCode=osi&th=1&psc=1"><img src="https://m.media-amazon.com/images/I/411bezC-CcL._SL500_.jpg" alt="Product Image"></a><p>Aothia Non-Slip Waterproof PU Leather Desk Pad Protector for Mouse, Writing Desk, Office, Home, Laptop Blotter, 23.6" x 13.7", Black</p><p> -29% 0FF </p><p>$9.99</p><a href="https://www.amazon.com/dp/B086BLQZ5L?tag=eloabder-20&linkCode=osi&th=1&psc=1">View Product</a></div><div class="product"><a href="https://www.amazon.com/dp/B0BYDZQY2K?tag=eloabder-20&linkCode=osi&th=1&psc=1"><img src="https://m.media-amazon.com/images/I/41QEEnkGx9L._SL500_.jpg" alt="Product Image"></a><p>Large Desk Mat 47.2" x 17" Leather Desk Pad Protector with Natural Cork & PU Leather, Non-Slip Office Desk Mat, Large Mouse Pad, Waterproof Desk Blotter pad for Office&Home(Black)</p><p> -20% 0FF </p><p>$19.99</p><a href="https://www.amazon.com/dp/B0BYDZQY2K?tag=eloabder-20&linkCode=osi&th=1&psc=1">View Product</a></div>
<div class="product"><a href="https://www.amazon.com/dp/B0B1YH7KWF?tag=eloabder-20&linkCode=osi&th=1&psc=1"><img src="https://m.media-amazon.com/images/I/411u5AKKl5L._SL500_.jpg" alt="Product Image"></a><p>Gannyfer Desk Shelf Organizer - Wood Desktop Shelf, Freestanding Desk Hutch Office Decor, 3 Tier Storage Display Rack, Small Bookshelf with Metal Frame for Books/Plants/Toys (Rustic Brown Black)</p><p> -11% 0FF </p><p>$24.99</p><a href="https://www.amazon.com/dp/B0B1YH7KWF?tag=eloabder-20&linkCode=osi&th=1&psc=1">View Product</a></div><div class="product"><a href="https://www.amazon.com/dp/B0F6T1GLFL?tag=eloabder-20&linkCode=osi&th=1&psc=1"><img src="https://m.media-amazon.com/images/I/51W7EISrFML._SL500_.jpg" alt="Product Image"></a><p>Mooliwe 57 Pcs Plant Bulletin Board Set Inspirational Flower Bulletin Board Decoration Positive Cutout Classroom Decoration for School Office Home Teacher Classroom Wall Supplies</p><p> -29% 0FF </p><p>$11.99</p><a href="https://www.amazon.com/dp/B0F6T1GLFL?tag=eloabder-20&linkCode=osi&th=1&psc=1">View Product</a></div><div class="product"><a href="https://www.amazon.com/dp/B0B2J4LXRP?tag=eloabder-20&linkCode=osi&th=1&psc=1"><img src="https://m.media-amazon.com/images/I/51WaA9sEIDL._SL500_.jpg" alt="Product Image"></a><p>Geyee 8 Pieces Cactus Funny Notepads Plant Memo Pads Office Supplies Cute Novelty Lined Notepad Desk List Notepad for Teacher Studying School Home Travel Rewards, 4 x 6 Inches</p><p> -10% 0FF </p><p>$8.99</p><a href="https://www.amazon.com/dp/B0B2J4LXRP?tag=eloabder-20&linkCode=osi&th=1&psc=1">View Product</a></div><div class="product"><a href="https://www.amazon.com/dp/B0CZDCM3Z9?tag=eloabder-20&linkCode=osi&th=1&psc=1"><img src="https://m.media-amazon.com/images/I/41-EfcsSuyL._SL500_.jpg" alt="Product Image"></a><p>YMYNY Desktop Shelf Organizer, 4 Tier Storage Display Rack, Desk Shelf Organizer Small Bookshelf with Metal Frame for Office, Books, Plants, 12.2" x 9.45" x 17.52", Rustic Brown Black UHSR007H</p><p> -11% 0FF </p><p>$26.69</p><a href="https://www.amazon.com/dp/B0CZDCM3Z9?tag=eloabder-20&linkCode=osi&th=1&psc=1">View Product</a></div>


<div class="product"><a href="https://www.amazon.com/dp/B0033J6V3A?tag=eloabder-20&linkCode=osi&th=1&psc=1"><img src="https://m.media-amazon.com/images/I/21o5ASbichL._SL500_.jpg" alt="Product Image"></a><p>NuSparc 2 Drawer Locking Filing Cabinet | Pre-Assembled Steel Construction | Space-Saving Design is Perfect for Home and Small Office | Letter-Size | Assembled in North America</p><p> -14% 0FF </p><p>$76.99</p><a href="https://www.amazon.com/dp/B0033J6V3A?tag=eloabder-20&linkCode=osi&th=1&psc=1">View Product</a></div><div class="product"><a href="https://www.amazon.com/dp/B0D9XYD75W?tag=eloabder-20&linkCode=osi&th=1&psc=1"><img src="https://m.media-amazon.com/images/I/31VM3xK++PL._SL500_.jpg" alt="Product Image"></a><p>BYNSOE 2 Drawer File Cabinet with Lock Vertical Filing Storage Cabinet Office Home Steel Vertical File Cabinets for Letter Size File Cabinet Locked,Assembly Required</p><p> -8% 0FF </p><p>$54.99</p><a href="https://www.amazon.com/dp/B0D9XYD75W?tag=eloabder-20&linkCode=osi&th=1&psc=1">View Product</a></div><div class="product"><a href="https://www.amazon.com/dp/B0989HLF81?tag=eloabder-20&linkCode=osi&th=1&psc=1"><img src="https://m.media-amazon.com/images/I/51vzgnkbcjL._SL500_.jpg" alt="Product Image"></a><p>DEVAISE 3 Drawer Mobile File Cabinet, Wood Lateral Filing Cabinet, Printer Stand with Open Shelves for Home Office, Rustic Brown</p><p> -21% 0FF </p><p>$74.99</p><a href="https://www.amazon.com/dp/B0989HLF81?tag=eloabder-20&linkCode=osi&th=1&psc=1">View Product</a></div>
<div class="product"><a href="https://www.amazon.com/dp/B00006RSQD?tag=eloabder-20&linkCode=osi&th=1&psc=1"><img src="https://m.media-amazon.com/images/I/315rez3KpeL._SL500_.jpg" alt="Product Image"></a><p>Bush Business Furniture Series C 36W Tall 5 Shelf Bookcase in Hansen Cherry, Large Storage and Display Bookshelf for Home or Professional Office</p><p> -8% 0FF </p><p>$239.49</p><a href="https://www.amazon.com/dp/B00006RSQD?tag=eloabder-20&linkCode=osi&th=1&psc=1">View Product</a></div>
<div class="product"><a href="https://www.amazon.com/dp/B09F6JPYSY?tag=eloabder-20&linkCode=osi&th=1&psc=1"><img src="https://m.media-amazon.com/images/I/51fGLH7lhHL._SL500_.jpg" alt="Product Image"></a><p>SPACELEAD Slim Storage Cart 3 Tier,Bathroom Organizer Rolling Utility,Mobile Shelving Unit Slide Out for Office, Kitchen, Laundry Room & Narrow Places,Black</p><p> -30% 0FF </p><p>$20.99</p><a href="https://www.amazon.com/dp/B09F6JPYSY?tag=eloabder-20&linkCode=osi&th=1&psc=1">View Product</a></div><div class="product"><a href="https://www.amazon.com/dp/B08KFTVGQY?tag=eloabder-20&linkCode=osi&th=1&psc=1"><img src="https://m.media-amazon.com/images/I/51BjUEmGaiL._SL500_.jpg" alt="Product Image"></a><p>SONGMICS Cube Storage Organizer, Set of 16 Plastic Cubes, Closet Organizers and Storage, Room Organization, Bedroom Living Room, 12.2 x 48.4 x 48.4 Inches, Rustic Brown ULPC442A01</p><p> -15% 0FF </p><p>$46.99</p><a href="https://www.amazon.com/dp/B08KFTVGQY?tag=eloabder-20&linkCode=osi&th=1&psc=1">View Product</a></div><div class="product"><a href="https://www.amazon.com/dp/B0DG359YX5?tag=eloabder-20&linkCode=osi&th=1&psc=1"><img src="https://m.media-amazon.com/images/I/41OBXL4HJdL._SL500_.jpg" alt="Product Image"></a><p>VIVO Clamp-on 13 inch Above or Below Desk 2-Tier Shelving Unit for Table Accessories, Gaming Devices, and More, Storage Tray, Desktop Organizer, Rustic Vintage Brown, STAND-SHELF2C-N</p><p> -20% 0FF </p><p>$39.99</p><a href="https://www.amazon.com/dp/B0DG359YX5?tag=eloabder-20&linkCode=osi&th=1&psc=1">View Product</a></div><div class="product"><a href="https://www.amazon.com/dp/B0D7S5GGP6?tag=eloabder-20&linkCode=osi&th=1&psc=1"><img src="https://m.media-amazon.com/images/I/51EriWG2BLL._SL500_.jpg" alt="Product Image"></a><p>C&AHOME Wire Cube Storage, 9 - Cube Organizer Metal C Grids, Modular Shelves Units, Closet Organizer, Ideal for Home, Office, Living Room, 36.6”L x 12.4”W x 48.4”H, Silver Gray UWCS3009G</p><p> -33% 0FF </p><p>$28.87</p><a href="https://www.amazon.com/dp/B0D7S5GGP6?tag=eloabder-20&linkCode=osi&th=1&psc=1">View Product</a></div>
<div class="product"><a href="https://www.amazon.com/dp/B0B1M6ML2J?tag=eloabder-20&linkCode=osi&th=1&psc=1"><img src="https://m.media-amazon.com/images/I/51pX2Qo38JL._SL500_.jpg" alt="Product Image"></a><p>WOWBOX 25 PCS Clear Plastic Drawer Organizer Set, 4 Sizes Desk Drawer Divider Organizers and Storage Bins for Makeup, Jewelry, Gadgets for Kitchen, Bedroom, Bathroom, Office</p><p> -35% 0FF </p><p>$16.13 ($0.65 / Count)</p><a href="https://www.amazon.com/dp/B0B1M6ML2J?tag=eloabder-20&linkCode=osi&th=1&psc=1">View Product</a></div><div class="product"><a href="https://www.amazon.com/dp/B0DB8F7GDN?tag=eloabder-20&linkCode=osi&th=1&psc=1"><img src="https://m.media-amazon.com/images/I/51iOtKHzvCL._SL500_.jpg" alt="Product Image"></a><p>OPNICE Desk Organizer and Accessories, 2-Tier Computer Monitor Stand Riser with Drawer and 2 Pen Holders, Laptop Stand, Office Desk Accessories for Office Supplies, Black</p><p> -27% 0FF </p><p>$21.99</p><a href="https://www.amazon.com/dp/B0DB8F7GDN?tag=eloabder-20&linkCode=osi&th=1&psc=1">View Product</a></div><div class="product"><a href="https://www.amazon.com/dp/B0FQ86P4M3?tag=eloabder-20&linkCode=osi&th=1&psc=1"><img src="https://m.media-amazon.com/images/I/41ZDdyGnPxL._SL500_.jpg" alt="Product Image"></a><p>Mind Reader 2-Tier Desk Organizer with Clamp, Accessory Shelf for Office or Gaming, Office, Metal, White</p><p> -5% 0FF </p><p>$37.99</p><a href="https://www.amazon.com/dp/B0FQ86P4M3?tag=eloabder-20&linkCode=osi&th=1&psc=1">View Product</a></div><div class="product"><a href="https://www.amazon.com/dp/B0BYDGF8DT?tag=eloabder-20&linkCode=osi&th=1&psc=1"><img src="https://m.media-amazon.com/images/I/51sE2GzgVNL._SL500_.jpg" alt="Product Image"></a><p>OPNICE Desk Organizer and Accessories, 4-Tier Desktop File Organizer with Drawer and 2 Pen Holders, Office Desk Accessories, Workspace Organizers for Office Supplies(Black)</p><p> -33% 0FF </p><p>$19.99</p><a href="https://www.amazon.com/dp/B0BYDGF8DT?tag=eloabder-20&linkCode=osi&th=1&psc=1">View Product</a></div><div class="product"><a href="https://www.amazon.com/dp/B0DJKSMV2T?tag=eloabder-20&linkCode=osi&th=1&psc=1"><img src="https://m.media-amazon.com/images/I/41gO3CCIg1L._SL500_.jpg" alt="Product Image"></a><p>gianotter Dual Monitor Stand Riser, Desk Organizer With Drawer and 2 Pen Holders, Computer Monitor Stand, Shelf for Top of Desk, Black</p><p> -28% 0FF </p><p>$25.99</p><a href="https://www.amazon.com/dp/B0DJKSMV2T?tag=eloabder-20&linkCode=osi&th=1&psc=1">View Product</a></div><div class="product"><a href="https://www.amazon.com/dp/B0BWTT3WK1?tag=eloabder-20&linkCode=osi&th=1&psc=1"><img src="https://m.media-amazon.com/images/I/51JTe2SjicL._SL500_.jpg" alt="Product Image"></a><p>gianotter Desk Organizers and Accessories with File Holder, 4-Tier Desk Accessories & Workspace Organizers with Drawer and 2 Pen Holder, Paper Organizer for Office Supplies (Rose Gold)</p><p> -27% 0FF </p><p>$23.99</p><a href="https://www.amazon.com/dp/B0BWTT3WK1?tag=eloabder-20&linkCode=osi&th=1&psc=1">View Product</a></div><div class="product"><a href="https://www.amazon.com/dp/B09QKDY1YY?tag=eloabder-20&linkCode=osi&th=1&psc=1"><img src="https://m.media-amazon.com/images/I/519UVM73B6L._SL500_.jpg" alt="Product Image"></a><p>Supeasy 5 Trays Paper Organizer Letter Tray with Handle-Mesh Desk File Organizer, Paper Sorter Desk Organizer for Office, Home or School</p><p> -17% 0FF </p><p>$19.99</p><a href="https://www.amazon.com/dp/B09QKDY1YY?tag=eloabder-20&linkCode=osi&th=1&psc=1">View Product</a></div><div class="product"><a href="https://www.amazon.com/dp/B08PBFKGJG?tag=eloabder-20&linkCode=osi&th=1&psc=1"><img src="https://m.media-amazon.com/images/I/61WfW0WLsqL._SL500_.jpg" alt="Product Image"></a><p>Marbrasse 6 Tier Paper Organizer Letter Tray - Mesh Desk File Organizer with Handle, Paper Sorter Organizer for Letter/A4 Office File Folder Holder - Black</p><p> -23% 0FF </p><p>$19.98</p><a href="https://www.amazon.com/dp/B08PBFKGJG?tag=eloabder-20&linkCode=osi&th=1&psc=1">View Product</a></div><div class="product"><a href="https://www.amazon.com/dp/B09K5927B5?tag=eloabder-20&linkCode=osi&th=1&psc=1"><img src="https://m.media-amazon.com/images/I/51u5tZ4jR6L._SL500_.jpg" alt="Product Image"></a><p>Marbrasse Desk Organizer with File Holder, 5-Tier Paper Letter Tray Organizer with Drawer and 2 Pen Holder, Mesh Desktop Organizer and Storage with Magazine Holder for Office Supplies(Black)</p><p> -24% 0FF </p><p>$33.99</p><a href="https://www.amazon.com/dp/B09K5927B5?tag=eloabder-20&linkCode=osi&th=1&psc=1">View Product</a></div>
<div class="product"><a href="https://www.amazon.com/dp/B0CNXF7SVS?tag=eloabder-20&linkCode=osi&th=1&psc=1"><img src="https://m.media-amazon.com/images/I/51a6EswyTZL._SL500_.jpg" alt="Product Image"></a><p>Manalete Drawer Organizers Set of 15, 4 Sizes Clear Plastic Drawer Organizers and Storage Bins for Kitchen, Bathroom, Office, Dresser Desk Drawer Organizer Tray for Jewelry, Makeup, Junk, Gadgets</p><p> -29% 0FF </p><p>$9.99</p><a href="https://www.amazon.com/dp/B0CNXF7SVS?tag=eloabder-20&linkCode=osi&th=1&psc=1">View Product</a></div><div class="product"><a href="https://www.amazon.com/dp/B0CCY5X6SS?tag=eloabder-20&linkCode=osi&th=1&psc=1"><img src="https://m.media-amazon.com/images/I/41Iye-vPXJL._SL500_.jpg" alt="Product Image"></a><p>Bamboo Drawer Organizer Set, 5 PCS Multi-Use Individual Wood Storage Organizers, Junk Drawer Divider and Storage Trays Containers for Kitchen, Bathroom, Office Desk, Makeup, Jewelry, Utensils</p><p> -20% 0FF </p><p>$19.99 ($4.00 / Count)</p><a href="https://www.amazon.com/dp/B0CCY5X6SS?tag=eloabder-20&linkCode=osi&th=1&psc=1">View Product</a></div><div class="product"><a href="https://www.amazon.com/dp/B0CCDJQ7MM?tag=eloabder-20&linkCode=osi&th=1&psc=1"><img src="https://m.media-amazon.com/images/I/51kU0WJxdsL._SL500_.jpg" alt="Product Image"></a><p>Marbrasse Expandable Desk Drawer Organizer, Mesh Drawer Organizer Tray with 10 Adjustable Compartments, Desk Organizers and Accessories, 5 Dividers Drawer for Office Supplies, Makeup & Vanity (Black)</p><p> -15% 0FF </p><p>$17.84</p><a href="https://www.amazon.com/dp/B0CCDJQ7MM?tag=eloabder-20&linkCode=osi&th=1&psc=1">View Product</a></div><div class="product"><a href="https://www.amazon.com/dp/B0DM27MBZN?tag=eloabder-20&linkCode=osi&th=1&psc=1"><img src="https://m.media-amazon.com/images/I/41hAfSMnrZL._SL500_.jpg" alt="Product Image"></a><p>ElegantArray 12 PCS Drawer Organizer Set, 4 Sizes Storage Drawer Units, Clear Plastic Makeup Vanity Organizer and Storage Bins for Makeup, Stationeries, Multiple Gadgets for Bathroom, Office, Bedroom</p><p> -31% 0FF </p><p>$8.99</p><a href="https://www.amazon.com/dp/B0DM27MBZN?tag=eloabder-20&linkCode=osi&th=1&psc=1">View Product</a></div>
<div class="product"><a href="https://www.amazon.com/dp/B0C4T42TPC?tag=eloabder-20&linkCode=osi&th=1&psc=1"><img src="https://m.media-amazon.com/images/I/318IsyAsPXL._SL500_.jpg" alt="Product Image"></a><p>Adjustable Mobile CPU Stand, Ventilated Computer Tower Stand with 4 Caster Wheels Fits Most PC Tower, Under Desk CPU Holder PC Floor Cart Computer Riser for Gamers and Students (Black)</p><p> -21% 0FF </p><p>$14.21</p><a href="https://www.amazon.com/dp/B0C4T42TPC?tag=eloabder-20&linkCode=osi&th=1&psc=1">View Product</a></div><div class="product"><a href="https://www.amazon.com/dp/B094QTGHNZ?tag=eloabder-20&linkCode=osi&th=1&psc=1"><img src="https://m.media-amazon.com/images/I/31VzBQ+jwWL._SL500_.jpg" alt="Product Image"></a><p>WALI Computer Monitor Stand for Desk, Adjustable Laptop Riser, Desk Monitor Stand Underneath Storage for Office, Home, School Supplies (STT003), 1 Pack, Black</p><p> -32% 0FF </p><p>$16.99</p><a href="https://www.amazon.com/dp/B094QTGHNZ?tag=eloabder-20&linkCode=osi&th=1&psc=1">View Product</a></div><div class="product"><a href="https://www.amazon.com/dp/B07H4DMLVH?tag=eloabder-20&linkCode=osi&th=1&psc=1"><img src="https://m.media-amazon.com/images/I/31eTfKhpSWL._SL500_.jpg" alt="Product Image"></a><p>HUANUO Monitor Stand, Monitor Stand Riser 3 Height Adjustable, Monitor Riser with Airflow Vents, Laptop Stand for Desk, Laptop Riser, Desk Organizer for Monitor, 15.6" Laptop, PC, Printer</p><p> -11% 0FF </p><p>$15.19</p><a href="https://www.amazon.com/dp/B07H4DMLVH?tag=eloabder-20&linkCode=osi&th=1&psc=1">View Product</a></div><div class="product"><a href="https://www.amazon.com/dp/B0D69W6H91?tag=eloabder-20&linkCode=osi&th=1&psc=1"><img src="https://m.media-amazon.com/images/I/51rQI+gi3lL._SL500_.jpg" alt="Product Image"></a><p>JANE EYRE Computer Tower Stand - Adjustable PC Tower Stand CPU Holder Cart with Charging Station for Office Home Classroom,23.03"-28.3" H, black</p><p> -10% 0FF </p><p>$53.99</p><a href="https://www.amazon.com/dp/B0D69W6H91?tag=eloabder-20&linkCode=osi&th=1&psc=1">View Product</a></div><div class="product"><a href="https://www.amazon.com/dp/B0C4T34L9Y?tag=eloabder-20&linkCode=osi&th=1&psc=1"><img src="https://m.media-amazon.com/images/I/51BNMGXNOEL._SL500_.jpg" alt="Product Image"></a><p>BONTEC Wooden Monitor Stand Riser, 2-Tier Desk Shelf with Storage Organizer, Ergonomic Computer Stand with Cable Management, Cellphone Holder, White, 16.5 Inch</p><p> -33% 0FF </p><p>$18.04</p><a href="https://www.amazon.com/dp/B0C4T34L9Y?tag=eloabder-20&linkCode=osi&th=1&psc=1">View Product</a></div><div class="product"><a href="https://www.amazon.com/dp/B08BRCT4JH?tag=eloabder-20&linkCode=osi&th=1&psc=1"><img src="https://m.media-amazon.com/images/I/41Ga6A+cXbL._SL500_.jpg" alt="Product Image"></a><p>BESIGN LS03 Aluminum Laptop Stand, Ergonomic Detachable Computer Stand, Notebook Riser Compatible with Air, Pro, Dell, HP, Lenovo More 10-15.6" Laptops, Silver</p><p> -25% 0FF </p><p>$14.98</p><a href="https://www.amazon.com/dp/B08BRCT4JH?tag=eloabder-20&linkCode=osi&th=1&psc=1">View Product</a></div>
<div class="product"><a href="https://www.amazon.com/dp/B07Q79ZZJ6?tag=eloabder-20&linkCode=osi&th=1&psc=1"><img src="https://m.media-amazon.com/images/I/31-LBzENQIL._SL500_.jpg" alt="Product Image"></a><p>Single LCD Computer Monitor Free-Standing Desk Stand Mount Riser for 13 inch to 32 inch screen with Swivel, Height Adjustable, Rotation, Vesa Base Stand Holds One (1) Screen up to 77Lbs(HT05B-001))</p><p> -34% 0FF </p><p>$21.99</p><a href="https://www.amazon.com/dp/B07Q79ZZJ6?tag=eloabder-20&linkCode=osi&th=1&psc=1">View Product</a></div><div class="product"><a href="https://www.amazon.com/dp/B082845XM8?tag=eloabder-20&linkCode=osi&th=1&psc=1"><img src="https://m.media-amazon.com/images/I/41uRH1B7HgL._SL500_.jpg" alt="Product Image"></a><p>Dual Monitor Stand - Vertical Stack Screen Free-Standing Monitor Riser Fits Two 13 to 34 Inch Screen with Swivel, Tilt, Height Adjustable, Holds One (1) Screen Up to 44Lbs</p><p> -5% 0FF </p><p>$31.56</p><a href="https://www.amazon.com/dp/B082845XM8?tag=eloabder-20&linkCode=osi&th=1&psc=1">View Product</a></div><div class="product"><a href="https://www.amazon.com/dp/B00X4SCCFG?tag=eloabder-20&linkCode=osi&th=1&psc=1"><img src="https://m.media-amazon.com/images/I/21X2klzUZGL._SL500_.jpg" alt="Product Image"></a><p>Amazon Basics Height Adjustable Rectangular Computer Monitor Riser Desk Stand with Storage for Reduced Neck Strain - Fits Monitors, Laptops Up to 22lbs, Black</p><p> -35% 0FF </p><p>$14.06</p><a href="https://www.amazon.com/dp/B00X4SCCFG?tag=eloabder-20&linkCode=osi&th=1&psc=1">View Product</a></div>
<div class="product"><a href="https://www.amazon.com/dp/B07HFDJCSL?tag=eloabder-20&linkCode=osi&th=1&psc=1"><img src="https://m.media-amazon.com/images/I/41DR7qY1naL._SL500_.jpg" alt="Product Image"></a><p>VIVO Large Keyboard Tray Under Desk Pull Out with Extra Sturdy C Clamp Mount System, 27 (33 Including Clamps) x 11 Inch Slide-Out Platform Computer Drawer for Typing, Black, MOUNT-KB05E</p><p> -17% 0FF </p><p>$49.99</p><a href="https://www.amazon.com/dp/B07HFDJCSL?tag=eloabder-20&linkCode=osi&th=1&psc=1">View Product</a></div><div class="product"><a href="https://www.amazon.com/dp/B082NKBM62?tag=eloabder-20&linkCode=osi&th=1&psc=1"><img src="https://m.media-amazon.com/images/I/41qQ3p9-mrL._SL500_.jpg" alt="Product Image"></a><p>HUANUO Keyboard Tray Under Desk, 360 Adjustable Ergonomic Sliding Keyboard & Mouse Tray, Under Desk Keyboard Tray Slide Out, Keyboard Holder Under Desk for Typing in Home, Office Work, 25"W x 9.84"D</p><p> -33% 0FF </p><p>$59.98</p><a href="https://www.amazon.com/dp/B082NKBM62?tag=eloabder-20&linkCode=osi&th=1&psc=1">View Product</a></div><div class="product"><a href="https://www.amazon.com/dp/B0F23GTKHL?tag=eloabder-20&linkCode=osi&th=1&psc=1"><img src="https://m.media-amazon.com/images/I/41dmHoeznDL._SL500_.jpg" alt="Product Image"></a><p>Zontera Ergonomic Mouse & Keyboard Tray Under Desk, Pull Out with Adjustable C-clamp, 20 (25.9 Including Clamps) x 11.8 Inch Slide Out Computer Keyboard Drawer Mouse Tray for Typing, Black</p><p> -7% 0FF </p><p>$25.99</p><a href="https://www.amazon.com/dp/B0F23GTKHL?tag=eloabder-20&linkCode=osi&th=1&psc=1">View Product</a></div><div class="product"><a href="https://www.amazon.com/dp/B01IIGMBVI?tag=eloabder-20&linkCode=osi&th=1&psc=1"><img src="https://m.media-amazon.com/images/I/21Vw8003F0L._SL500_.jpg" alt="Product Image"></a><p>Alera ALE Valencia Series Underdesk Keyboard/Mouse Shelf, 28w x 12d, Black</p><p> -50% 0FF </p><p>$29.22</p><a href="https://www.amazon.com/dp/B01IIGMBVI?tag=eloabder-20&linkCode=osi&th=1&psc=1">View Product</a></div>
<div class="product"><a href="https://www.amazon.com/dp/B07C3XZMC6?tag=eloabder-20&linkCode=osi&th=1&psc=1"><img src="https://m.media-amazon.com/images/I/31Eojf7glwL._SL500_.jpg" alt="Product Image"></a><p>JIKIOU 3 Pack Mouse Pad with Stitched Edge, Comfortable Mouse Pads with Non-Slip Rubber Base, Washable Mousepads Bulk with Comfortable Cloth, Mouse Pads for Computers Laptop Mouse 10.2x8.3inch Black</p><p> -29% 0FF </p><p>$7.99</p><a href="https://www.amazon.com/dp/B07C3XZMC6?tag=eloabder-20&linkCode=osi&th=1&psc=1">View Product</a></div><div class="product"><a href="https://www.amazon.com/dp/B085XRMSTT?tag=eloabder-20&linkCode=osi&th=1&psc=1"><img src="https://m.media-amazon.com/images/I/31aDSI0sFoL._SL500_.jpg" alt="Product Image"></a><p>EooCoo Ergonomic Mouse Pad with Wrist Support, Mousepad with Memory Foam Wrist Rest and Non-Slip Base for Computer, Cafe, Home & Office, 9.64 x 8.26 in Office Desk Accessories</p><p> -36% 0FF </p><p>$6.99</p><a href="https://www.amazon.com/dp/B085XRMSTT?tag=eloabder-20&linkCode=osi&th=1&psc=1">View Product</a></div>
<div class="product"><a href="https://www.amazon.com/dp/B0BRCJL4MM?tag=eloabder-20&linkCode=osi&th=1&psc=1"><img src="https://m.media-amazon.com/images/I/41sggzaNbPL._SL500_.jpg" alt="Product Image"></a><p>Led Desk Lamp for Office Home - Eye Caring Architect lamp with Clamp,Dual Screen Computer Monitor Gooseneck Smart Light: 24W 5 Color Flexible Adjustable Lighting Table Lamp for Study Drafting</p><p> -13% 0FF </p><p>$69.99</p><a href="https://www.amazon.com/dp/B0BRCJL4MM?tag=eloabder-20&linkCode=osi&th=1&psc=1">View Product</a></div><div class="product"><a href="https://www.amazon.com/dp/B0BNHNG5CY?tag=eloabder-20&linkCode=osi&th=1&psc=1"><img src="https://m.media-amazon.com/images/I/51ccmdZe2YL._SL500_.jpg" alt="Product Image"></a><p>Micomlan Led Desk Lamp with Clamp, Architect Desk Lamp for Home Office with Atmosphere Lighting, 24W Ultra Bright Auto Dimming Computer Light Stepless Dimming and Tempering LED Table Light</p><p> -27% 0FF </p><p>$49.99</p><a href="https://www.amazon.com/dp/B0BNHNG5CY?tag=eloabder-20&linkCode=osi&th=1&psc=1">View Product</a></div><div class="product"><a href="https://www.amazon.com/dp/B078W61H9P?tag=eloabder-20&linkCode=osi&th=1&psc=1"><img src="https://m.media-amazon.com/images/I/31aebwb3nqL._SL500_.jpg" alt="Product Image"></a><p>LEPOWER Metal Desk Lamp, Eye-Caring Table Lamp, Study Lamps with Flexible Goose Neck for Bedroom, Home Office (Matte Black)</p><p> -24% 0FF </p><p>$24.99</p><a href="https://www.amazon.com/dp/B078W61H9P?tag=eloabder-20&linkCode=osi&th=1&psc=1">View Product</a></div><div class="product"><a href="https://www.amazon.com/dp/B0D1DLY4H4?tag=eloabder-20&linkCode=osi&th=1&psc=1"><img src="https://m.media-amazon.com/images/I/41sKiuSIwRL._SL500_.jpg" alt="Product Image"></a><p>SKYLEO Led Desk Lamp - Desk Light for 31.5" Tall - 5 Color Modes X 11 Brightness Levels - Adjustable Swing Arm - Timmer & Memory Function - 12W Lamp for Desk - Black</p><p> -23% 0FF </p><p>$19.99</p><a href="https://www.amazon.com/dp/B0D1DLY4H4?tag=eloabder-20&linkCode=osi&th=1&psc=1">View Product</a></div><div class="product"><a href="https://www.amazon.com/dp/B0D2LGK82V?tag=eloabder-20&linkCode=osi&th=1&psc=1"><img src="https://m.media-amazon.com/images/I/41UpQ-qygDL._SL500_.jpg" alt="Product Image"></a><p>Addtam LED Desk Lamp, Power Strip with 3 Outlets 4 USB Charging Ports(2 USBC), 4 Modes 5 Level Brightness Touch Lamp, Small Desk Lamp for Home Office College Dorm Room Essentials</p><p> -23% 0FF </p><p>$16.99</p><a href="https://www.amazon.com/dp/B0D2LGK82V?tag=eloabder-20&linkCode=osi&th=1&psc=1">View Product</a></div><div class="product"><a href="https://www.amazon.com/dp/B08LMTQ7ZF?tag=eloabder-20&linkCode=osi&th=1&psc=1"><img src="https://m.media-amazon.com/images/I/21vKPX2KHML._SL500_.jpg" alt="Product Image"></a><p>Lepro LED Desk Lamp for Home Office, 9.5W 750LM Metal Touch Control Desk Light, 5 Color Modes 5 Brightness Level, Eye Caring Task Lamp For Reading, Sewing, Crafts, School Supplies, Puzzle Light, Black</p><p> -13% 0FF </p><p>$24.99</p><a href="https://www.amazon.com/dp/B08LMTQ7ZF?tag=eloabder-20&linkCode=osi&th=1&psc=1">View Product</a></div>
<div class="product"><a href="https://www.amazon.com/dp/B0D7BXNDP4?tag=eloabder-20&linkCode=osi&th=1&psc=1"><img src="https://m.media-amazon.com/images/I/41DuEunZ1+L._SL500_.jpg" alt="Product Image"></a><p>Monitor Fan with Clamp & Light Bar Desk Lamp with fan for Office mini Desk fan small quiet with lamp for PC Laptops Tablet for Home Office Portable Working Reading Stand Lamp</p><p> -5% 0FF </p><p>$15.19</p><a href="https://www.amazon.com/dp/B0D7BXNDP4?tag=eloabder-20&linkCode=osi&th=1&psc=1">View Product</a></div><div class="product"><a href="https://www.amazon.com/dp/B07K1D41DC?tag=eloabder-20&linkCode=osi&th=1&psc=1"><img src="https://m.media-amazon.com/images/I/310MAouNV-L._SL500_.jpg" alt="Product Image"></a><p>OttLite Cool Breeze LED Lamp with Bladeless Fan - 3 Speed Options & 5 Brightness Settings with Energy Efficient Natural Daylight LEDs - Desktop, Table or Nightstand Lamp for Studying or Reading</p><p> -14% 0FF </p><p>$89.98</p><a href="https://www.amazon.com/dp/B07K1D41DC?tag=eloabder-20&linkCode=osi&th=1&psc=1">View Product</a></div>
<div class="product"><a href="https://www.amazon.com/dp/B0CXSXL1F2?tag=eloabder-20&linkCode=osi&th=1&psc=1"><img src="https://m.media-amazon.com/images/I/41H6cndt7iL._SL500_.jpg" alt="Product Image"></a><p>9 Pack Lined Sticky Notes 4x6 in Post Sticky Notes with Lines, 9 Bright Colors Self Sticky Notes Pad Its, Large Ruled Sticky Note for Office, Home, 35 Sheets/Pad</p><p> -33% 0FF </p><p>$7.99</p><a href="https://www.amazon.com/dp/B0CXSXL1F2?tag=eloabder-20&linkCode=osi&th=1&psc=1">View Product</a></div><div class="product"><a href="https://www.amazon.com/dp/B019QROV9S?tag=eloabder-20&linkCode=osi&th=1&psc=1"><img src="https://m.media-amazon.com/images/I/51OsStyntzL._SL500_.jpg" alt="Product Image"></a><p>Sharpie Clear View Highlighter Sticks, Chisel Tip, Assorted Fluorescent, 8 Count - School, Home, and Office Use, Teacher Supplies</p><p> -23% 0FF </p><p>$13.86</p><a href="https://www.amazon.com/dp/B019QROV9S?tag=eloabder-20&linkCode=osi&th=1&psc=1">View Product</a></div>
<div class="product"><a href="https://www.amazon.com/dp/B082PN4X5J?tag=eloabder-20&linkCode=osi&th=1&psc=1"><img src="https://m.media-amazon.com/images/I/51o+eA8g6nL._SL500_.jpg" alt="Product Image"></a><p>Sharpie S-Gel Gel Pens, Black Barrel, Medium Point (0.7mm), Black Gel Ink Pens, 12 Count - Home, Office, School, Journaling, Writing, Note-Taking, Teacher Supplies</p><p> -14% 0FF </p><p>$11.97</p><a href="https://www.amazon.com/dp/B082PN4X5J?tag=eloabder-20&linkCode=osi&th=1&psc=1">View Product</a></div><div class="product"><a href="https://www.amazon.com/dp/B0C9W8DD9S?tag=eloabder-20&linkCode=osi&th=1&psc=1"><img src="https://m.media-amazon.com/images/I/41mdSvEwNZL._SL500_.jpg" alt="Product Image"></a><p>Ddaowanx Gel Pens, 6 Pcs 0.5mm Quick Dry Black Ink Pens Fine Point Smooth Writing Pens, Cute Office School Supplies Gifts for Women</p><p> -10% 0FF </p><p>$8.99</p><a href="https://www.amazon.com/dp/B0C9W8DD9S?tag=eloabder-20&linkCode=osi&th=1&psc=1">View Product</a></div><div class="product"><a href="https://www.amazon.com/dp/B019QBOG3U?tag=eloabder-20&linkCode=osi&th=1&psc=1"><img src="https://m.media-amazon.com/images/I/416PjSebDoL._SL500_.jpg" alt="Product Image"></a><p>Paper Mate Colorful Gel Pens - InkJoy Gel Pens Assorted Medium Point (0.7). Perfect for Vibrant Colored Writing and Sketching with Paper Mate InkJoy 14 Count</p><p> -18% 0FF </p><p>$10.31</p><a href="https://www.amazon.com/dp/B019QBOG3U?tag=eloabder-20&linkCode=osi&th=1&psc=1">View Product</a></div><div class="product"><a href="https://www.amazon.com/dp/B0C73JDN4S?tag=eloabder-20&linkCode=osi&th=1&psc=1"><img src="https://m.media-amazon.com/images/I/51DJUUxL7HL._SL500_.jpg" alt="Product Image"></a><p>Linbsunne Ballpoint Pens Black Medium Point 1mm Pen with Super Soft Grip Ball Point Pen for Men Women Retractable Pens (gold-12 pcs)</p><p> -10% 0FF </p><p>$8.99</p><a href="https://www.amazon.com/dp/B0C73JDN4S?tag=eloabder-20&linkCode=osi&th=1&psc=1">View Product</a></div><div class="product"><a href="https://www.amazon.com/dp/B001OTA66O?tag=eloabder-20&linkCode=osi&th=1&psc=1"><img src="https://m.media-amazon.com/images/I/41yS5tBZQLL._SL500_.jpg" alt="Product Image"></a><p>BIC Glide Black Retractable Ballpoint Pens, Medium Point (1.0mm), 4-Count Pack, Ultra Smooth Writing Black Pens</p><p> -40% 0FF </p><p>$2.99</p><a href="https://www.amazon.com/dp/B001OTA66O?tag=eloabder-20&linkCode=osi&th=1&psc=1">View Product</a></div>
<div class="product"><a href="https://www.amazon.com/dp/B002HVXXCW?tag=eloabder-20&linkCode=osi&th=1&psc=1"><img src="https://m.media-amazon.com/images/I/41JeEedXCeL._SL500_.jpg" alt="Product Image"></a><p>Ticonderoga Wood-Cased Pencils, Pre-Sharpened, 2 HB Soft, Yellow, 10 Count</p><p> -58% 0FF </p><p>$2.49</p><a href="https://www.amazon.com/dp/B002HVXXCW?tag=eloabder-20&linkCode=osi&th=1&psc=1">View Product</a></div><div class="product"><a href="https://www.amazon.com/dp/B077Q4B6YN?tag=eloabder-20&linkCode=osi&th=1&psc=1"><img src="https://m.media-amazon.com/images/I/4160YcHGDNL._SL500_.jpg" alt="Product Image"></a><p>Paper Mate 2017483 Mechanical Pencils for Handwriting, Triangular, 5/PK, AST</p><p> -45% 0FF </p><p>$3.47</p><a href="https://www.amazon.com/dp/B077Q4B6YN?tag=eloabder-20&linkCode=osi&th=1&psc=1">View Product</a></div>
<div class="product"><a href="https://www.amazon.com/dp/B0D7YTZNRF?tag=eloabder-20&linkCode=osi&th=1&psc=1"><img src="https://m.media-amazon.com/images/I/41hSbSlNAmL._SL500_.jpg" alt="Product Image"></a><p>YASNAY Alcohol Markers, 48 Colors Dual Tip Art Marker, Drawing Markers, Coloring Marker for Kids Sketching Adult Coloring</p><p> -27% 0FF </p><p>$10.99</p><a href="https://www.amazon.com/dp/B0D7YTZNRF?tag=eloabder-20&linkCode=osi&th=1&psc=1">View Product</a></div><div class="product"><a href="https://www.amazon.com/dp/B07CJ8QXF8?tag=eloabder-20&linkCode=osi&th=1&psc=1"><img src="https://m.media-amazon.com/images/I/51bChi4-H4L._SL500_.jpg" alt="Product Image"></a><p>Dual Markers Brush Pens, 36 Fine Point Art Marker, Double Tip Colored Pen for Adult Coloring Hand Lettering, School Classroom Art Suppliers</p><p> -20% 0FF </p><p>$7.98</p><a href="https://www.amazon.com/dp/B07CJ8QXF8?tag=eloabder-20&linkCode=osi&th=1&psc=1">View Product</a></div><div class="product"><a href="https://www.amazon.com/dp/B071CP6X88?tag=eloabder-20&linkCode=osi&th=1&psc=1"><img src="https://m.media-amazon.com/images/I/41sNeEYkTNL._SL500_.jpg" alt="Product Image"></a><p>Crayola Super Tips Marker Set for Kids (100ct), Broad Tip & Fine Point Washable Art Markers for Kids, Bulk School Supplies, Teacher Classroom Must Haves, Drawing Supplies</p><p> -19% 0FF </p><p>$16.29</p><a href="https://www.amazon.com/dp/B071CP6X88?tag=eloabder-20&linkCode=osi&th=1&psc=1">View Product</a></div><div class="product"><a href="https://www.amazon.com/dp/B08MBFPFCQ?tag=eloabder-20&linkCode=osi&th=1&psc=1"><img src="https://m.media-amazon.com/images/I/51DaGL7Z4oL._SL500_.jpg" alt="Product Image"></a><p>Sharpie Permanent Markers Variety Pack, Includes Chisel, Fine, and Ultra-Fine Tips, Marker Set, Writing, Coloring, Poster, Office, School Supplies, Black, 6 Count</p><p> -19% 0FF </p><p>$4.63 ($0.77 / Count)</p><a href="https://www.amazon.com/dp/B08MBFPFCQ?tag=eloabder-20&linkCode=osi&th=1&psc=1">View Product</a></div>
<div class="product"><a href="https://www.amazon.com/dp/B09Y2KJ2KX?tag=eloabder-20&linkCode=osi&th=1&psc=1"><img src="https://m.media-amazon.com/images/I/41EhQr7suML._SL500_.jpg" alt="Product Image"></a><p>Sharpie Pocket Highlighters, Mild Pastel Colors, Assorted, Chisel Tip, 12 Count - School, Home, and Office Use, Teacher Supplies</p><p> -22% 0FF </p><p>$7.76 ($0.65 / Count)</p><a href="https://www.amazon.com/dp/B09Y2KJ2KX?tag=eloabder-20&linkCode=osi&th=1&psc=1">View Product</a></div><div class="product"><a href="https://www.amazon.com/dp/B08698MJWT?tag=eloabder-20&linkCode=osi&th=1&psc=1"><img src="https://m.media-amazon.com/images/I/512N7aYt5oL._SL500_.jpg" alt="Product Image"></a><p>Sharpie S-Note Creative Markers, Pastel Highlighters, Art Marker Set, Assorted Colors, Chisel Tip, 24 Count - School, Home, and Office Use, Teacher Supplies</p><p> -60% 0FF </p><p>$8.83</p><a href="https://www.amazon.com/dp/B08698MJWT?tag=eloabder-20&linkCode=osi&th=1&psc=1">View Product</a></div>
<div class="product"><a href="https://www.amazon.com/dp/B097DPQPYN?tag=eloabder-20&linkCode=osi&th=1&psc=1"><img src="https://m.media-amazon.com/images/I/51nFyQPtfkL._SL500_.jpg" alt="Product Image"></a><p>Sonuimy Pencil Sharpeners, 4 Pcs Pencil Sharpeners Manual,Dual Holes Compact Colored Handheld Pencil Sharpener for Kids with Lid Adults Students School Class Home Office (Covered)</p><p> -13% 0FF </p><p>$4.49</p><a href="https://www.amazon.com/dp/B097DPQPYN?tag=eloabder-20&linkCode=osi&th=1&psc=1">View Product</a></div><div class="product"><a href="https://www.amazon.com/dp/B000MFN1G8?tag=eloabder-20&linkCode=osi&th=1&psc=1"><img src="https://m.media-amazon.com/images/I/41JPflroUEL._SL500_.jpg" alt="Product Image"></a><p>Compact Desktop Electric Pencil Sharpener, Black, Sold as 1 Each</p><p> -21% 0FF </p><p>$15.89</p><a href="https://www.amazon.com/dp/B000MFN1G8?tag=eloabder-20&linkCode=osi&th=1&psc=1">View Product</a></div><div class="product"><a href="https://www.amazon.com/dp/B00125KXGI?tag=eloabder-20&linkCode=osi&th=1&psc=1"><img src="https://m.media-amazon.com/images/I/51avY0bZv6L._SL500_.jpg" alt="Product Image"></a><p>Bostitch Office Personal Electric Pencil Sharpener, Powerful Stall-Free Motor, High Capacity Shavings Tray, Blue</p><p> -13% 0FF </p><p>$17.48</p><a href="https://www.amazon.com/dp/B00125KXGI?tag=eloabder-20&linkCode=osi&th=1&psc=1">View Product</a></div><div class="product"><a href="https://www.amazon.com/dp/B078DZY9Z5?tag=eloabder-20&linkCode=osi&th=1&psc=1"><img src="https://m.media-amazon.com/images/I/41KbUFGrXfL._SL500_.jpg" alt="Product Image"></a><p>JARLINK Electric Pencil Sharpener, Heavy-Duty Helical Blade to Fast Sharpen, Auto Stop for No.2/Colored Pencils(6-8mm), AC Adapter/Battery Operated in School Classroom/Office/Home (Black)</p><p> -21% 0FF </p><p>$16.98</p><a href="https://www.amazon.com/dp/B078DZY9Z5?tag=eloabder-20&linkCode=osi&th=1&psc=1">View Product</a></div><div class="product"><a href="https://www.amazon.com/dp/B08DLXH86D?tag=eloabder-20&linkCode=osi&th=1&psc=1"><img src="https://m.media-amazon.com/images/I/41UghsnBycL._SL500_.jpg" alt="Product Image"></a><p>Aogwat Pencil Sharpener Electric Pencil Sharpener for Kids, Blade to Fast Sharpen, Suitable for No.2/School/Classroom/Office/Home (Black)</p><p> -23% 0FF </p><p>$9.99</p><a href="https://www.amazon.com/dp/B08DLXH86D?tag=eloabder-20&linkCode=osi&th=1&psc=1">View Product</a></div><div class="product"><a href="https://www.amazon.com/dp/B000GP0VIU?tag=eloabder-20&linkCode=osi&th=1&psc=1"><img src="https://m.media-amazon.com/images/I/318OKKSwzbL._SL500_.jpg" alt="Product Image"></a><p>Bostitch Office Wall Mount Manual Pencil Sharpener, Tip Saver, 8 Hole Dial, 6X Longer Cutter Life, Vertical or Horizontal Mounting Black (MPS1-BLK)</p><p> -9% 0FF </p><p>$13.18</p><a href="https://www.amazon.com/dp/B000GP0VIU?tag=eloabder-20&linkCode=osi&th=1&psc=1">View Product</a></div>
<div class="product"><a href="https://www.amazon.com/dp/B00094H4LU?tag=eloabder-20&linkCode=osi&th=1&psc=1"><img src="https://m.media-amazon.com/images/I/41f-fbZYU1L._SL500_.jpg" alt="Product Image"></a><p>Paper Mate Erasers | Pink Pearl Large Erasers 12 Count</p><p> -55% 0FF </p><p>$6.03</p><a href="https://www.amazon.com/dp/B00094H4LU?tag=eloabder-20&linkCode=osi&th=1&psc=1">View Product</a></div><div class="product"><a href="https://www.amazon.com/dp/B07DPVVMWB?tag=eloabder-20&linkCode=osi&th=1&psc=1"><img src="https://m.media-amazon.com/images/I/51wLlsENgiL._SL500_.jpg" alt="Product Image"></a><p>Mr. Pen Erasers for Pencils, 120 Pack, Pencil Top Erasers, Eraser Caps, Cap Tops, Topper Erasers. Ereaser</p><p> -24% 0FF </p><p>$5.95</p><a href="https://www.amazon.com/dp/B07DPVVMWB?tag=eloabder-20&linkCode=osi&th=1&psc=1">View Product</a></div><div class="product"><a href="https://www.amazon.com/dp/B07144DC8V?tag=eloabder-20&linkCode=osi&th=1&psc=1"><img src="https://m.media-amazon.com/images/I/51Ed1+HW9cL._SL500_.jpg" alt="Product Image"></a><p>Pentel Hi-Polymer Block Eraser, White, 10/Box (ZEH10PC10)</p><p> -44% 0FF </p><p>$9.99</p><a href="https://www.amazon.com/dp/B07144DC8V?tag=eloabder-20&linkCode=osi&th=1&psc=1">View Product</a></div><div class="product"><a href="https://www.amazon.com/dp/B0047CT6SE?tag=eloabder-20&linkCode=osi&th=1&psc=1"><img src="https://m.media-amazon.com/images/I/41bhWXKeeiL._SL500_.jpg" alt="Product Image"></a><p>Pentel Clic Retractable Eraser with Grip, 3 Pack</p><p> -29% 0FF </p><p>$4.77</p><a href="https://www.amazon.com/dp/B0047CT6SE?tag=eloabder-20&linkCode=osi&th=1&psc=1">View Product</a></div>
<div class="product"><a href="https://www.amazon.com/dp/B09S9X3HV7?tag=eloabder-20&linkCode=osi&th=1&psc=1"><img src="https://m.media-amazon.com/images/I/51GgMyfl5VL._SL500_.jpg" alt="Product Image"></a><p>Color Transparent Ruler Plastic Rulers - Ruler 12 inch, Kids Ruler for School, Ruler with Centimeters, Millimeter and Inches, Assorted Colors, Clear Rulers, 7 Pack School Rulers</p><p> -16% 0FF </p><p>$5.99</p><a href="https://www.amazon.com/dp/B09S9X3HV7?tag=eloabder-20&linkCode=osi&th=1&psc=1">View Product</a></div><div class="product"><a href="https://www.amazon.com/dp/B06XK9VQM4?tag=eloabder-20&linkCode=osi&th=1&psc=1"><img src="https://m.media-amazon.com/images/I/51Glln3n-nL._SL500_.jpg" alt="Product Image"></a><p>Outus 12 Pack Wood Ruler Bulk for Students Wooden School Rulers Gifts Office Classroom Measuring, 2 Scale, 12 Inch and 30 cm</p><p> -6% 0FF </p><p>$7.99</p><a href="https://www.amazon.com/dp/B06XK9VQM4?tag=eloabder-20&linkCode=osi&th=1&psc=1">View Product</a></div><div class="product"><a href="https://www.amazon.com/dp/B0B5MLTG7J?tag=eloabder-20&linkCode=osi&th=1&psc=1"><img src="https://m.media-amazon.com/images/I/51z9LUxLKmL._SL500_.jpg" alt="Product Image"></a><p>DAGONGREN 30 Pack Clear Plastic Rulers 12 Inch,Transparent Assorted Color Metric Bulk Rulers with Inches and Centimeters,Kids Ruler for School,Home,Office</p><p> -9% 0FF </p><p>$9.99</p><a href="https://www.amazon.com/dp/B0B5MLTG7J?tag=eloabder-20&linkCode=osi&th=1&psc=1">View Product</a></div><div class="product"><a href="https://www.amazon.com/dp/B096MPPF53?tag=eloabder-20&linkCode=osi&th=1&psc=1"><img src="https://m.media-amazon.com/images/I/51qUpElDRcS._SL500_.jpg" alt="Product Image"></a><p>Tenare 1 Set Plastic Clear Math Set Includes Protractor Triangle Rulers 12 Inch 6 Inch Straight Geometry Math Transparent Ruler Measuring Tool for School Office Home Supplies(Clear)</p><p> -25% 0FF </p><p>$5.98</p><a href="https://www.amazon.com/dp/B096MPPF53?tag=eloabder-20&linkCode=osi&th=1&psc=1">View Product</a></div>
<div class="product"><a href="https://www.amazon.com/dp/B07YDDX4JL?tag=eloabder-20&linkCode=osi&th=1&psc=1"><img src="https://m.media-amazon.com/images/I/41oBPZwCRLL._SL500_.jpg" alt="Product Image"></a><p>3-Pack 8" Heavy Duty Scissors with Ultra Sharp Blades and Comfort Grip Handles - For Office, Home, School, Sewing, and Crafts</p><p> -15% 0FF </p><p>$8.49 ($2.83 / Count)</p><a href="https://www.amazon.com/dp/B07YDDX4JL?tag=eloabder-20&linkCode=osi&th=1&psc=1">View Product</a></div><div class="product"><a href="https://www.amazon.com/dp/B01BRGU8R0?tag=eloabder-20&linkCode=osi&th=1&psc=1"><img src="https://m.media-amazon.com/images/I/41ANVra+eNL._SL500_.jpg" alt="Product Image"></a><p>Amazon Basics Stainless Steel Scissors for Office, Crafts, Multipurpose, Sharp, Comfort Grip, PVD Coated, 3 Pack, Multicolor</p><p> -45% 0FF </p><p>$7.55</p><a href="https://www.amazon.com/dp/B01BRGU8R0?tag=eloabder-20&linkCode=osi&th=1&psc=1">View Product</a></div><div class="product"><a href="https://www.amazon.com/dp/B000P0LNRE?tag=eloabder-20&linkCode=osi&th=1&psc=1"><img src="https://m.media-amazon.com/images/I/41fWgMTO0JL._SL500_.jpg" alt="Product Image"></a><p>Westcott 8-Inch Titanium-Bonded Scissors with Adjustable Glide Feature for Office and Home - Gray/Yellow, 2-Pack</p><p> -33% 0FF </p><p>$9.97</p><a href="https://www.amazon.com/dp/B000P0LNRE?tag=eloabder-20&linkCode=osi&th=1&psc=1">View Product</a></div>
<div class="product"><a href="https://www.amazon.com/dp/B074ZRZ4CZ?tag=eloabder-20&linkCode=osi&th=1&psc=1"><img src="https://m.media-amazon.com/images/I/41bu+HKxC2L._SL500_.jpg" alt="Product Image"></a><p>Swingline Commercial Stapler, 20 Sheet Capacity, Jam Free, Metal, 2 Pack, Black (44401AZ)</p><p> -5% 0FF </p><p>$18.98</p><a href="https://www.amazon.com/dp/B074ZRZ4CZ?tag=eloabder-20&linkCode=osi&th=1&psc=1">View Product</a></div><div class="product"><a href="https://www.amazon.com/dp/B001PME62K?tag=eloabder-20&linkCode=osi&th=1&psc=1"><img src="https://m.media-amazon.com/images/I/41gbaJu-3iL._SL500_.jpg" alt="Product Image"></a><p>Swingline Stapler, 40 Sheet Capacity, Optima 40, Jam Free, Reduced Effort, Soft Grip, Metal, Orange and Gray (87845)</p><p> -14% 0FF </p><p>$24.19</p><a href="https://www.amazon.com/dp/B001PME62K?tag=eloabder-20&linkCode=osi&th=1&psc=1">View Product</a></div><div class="product"><a href="https://www.amazon.com/dp/B0D2JBKYM1?tag=eloabder-20&linkCode=osi&th=1&psc=1"><img src="https://m.media-amazon.com/images/I/41zFTU9QpfL._SL500_.jpg" alt="Product Image"></a><p>Bostitch Office Stapler, No-Jam Premium for Desktop, Includes 1,250 Staples, Full-Strip, 25 Sheet Capacity, Black</p><p> -26% 0FF </p><p>$6.99</p><a href="https://www.amazon.com/dp/B0D2JBKYM1?tag=eloabder-20&linkCode=osi&th=1&psc=1">View Product</a></div><div class="product"><a href="https://www.amazon.com/dp/B0CC5GJKM1?tag=eloabder-20&linkCode=osi&th=1&psc=1"><img src="https://m.media-amazon.com/images/I/41JDDoSZQiL._SL500_.jpg" alt="Product Image"></a><p>Metal Stapler Heavy Duty 50 Sheet Capacity with 1750 Staples and Staple Remover, Full Strip Staplers for Desk, No Jam, Non-Slip for Office & Classroom, Black</p><p> -33% 0FF </p><p>$13.29</p><a href="https://www.amazon.com/dp/B0CC5GJKM1?tag=eloabder-20&linkCode=osi&th=1&psc=1">View Product</a></div><div class="product"><a href="https://www.amazon.com/dp/B0006HUQZ6?tag=eloabder-20&linkCode=osi&th=1&psc=1"><img src="https://m.media-amazon.com/images/I/31e-T-f1TGL._SL500_.jpg" alt="Product Image"></a><p>Swingline Stapler, 30 Sheet Capacity, 747 Business Stapler, Jam Free, Metal, Rio Red (74736)</p><p> -23% 0FF </p><p>$15.30</p><a href="https://www.amazon.com/dp/B0006HUQZ6?tag=eloabder-20&linkCode=osi&th=1&psc=1">View Product</a></div>
<div class="product"><a href="https://www.amazon.com/dp/B00J8PJJF0?tag=eloabder-20&linkCode=osi&th=1&psc=1"><img src="https://m.media-amazon.com/images/I/418dc+5ZGkL._SL500_.jpg" alt="Product Image"></a><p>Bostitch Office Premium Standard Staples, 1/4" Full Strip, Box of 5,000 Staples</p><p> -27% 0FF </p><p>$4.39</p><a href="https://www.amazon.com/dp/B00J8PJJF0?tag=eloabder-20&linkCode=osi&th=1&psc=1">View Product</a></div><div class="product"><a href="https://www.amazon.com/dp/B079VYR12V?tag=eloabder-20&linkCode=osi&th=1&psc=1"><img src="https://m.media-amazon.com/images/I/51xAt88vqrL._SL500_.jpg" alt="Product Image"></a><p>Officemate Standard Staples, 10 Boxes General Purpose Staple (91950)</p><p> -10% 0FF </p><p>$14.37</p><a href="https://www.amazon.com/dp/B079VYR12V?tag=eloabder-20&linkCode=osi&th=1&psc=1">View Product</a></div><div class="product"><a href="https://www.amazon.com/dp/B00006IFMQ?tag=eloabder-20&linkCode=osi&th=1&psc=1"><img src="https://m.media-amazon.com/images/I/51UsWZuFq8L._SL500_.jpg" alt="Product Image"></a><p>Bostitch Office B8 PowerCrown 0.25 Inch Staples, Pack of 5,000 Staples (STCRP21151/4), Silver</p><p> -30% 0FF </p><p>$2.33</p><a href="https://www.amazon.com/dp/B00006IFMQ?tag=eloabder-20&linkCode=osi&th=1&psc=1">View Product</a></div>
<div class="product"><a href="https://www.amazon.com/dp/B000J07BRQ?tag=eloabder-20&linkCode=osi&th=1&psc=1"><img src="https://m.media-amazon.com/images/I/51QpJKjajbL._SL500_.jpg" alt="Product Image"></a><p>Scotch Heavy Duty Shipping Packing Tape, Clear, Packing Tape for Moving Boxes and Packaging Supplies, 1.88 in. x 22.2 yd., 6 Roll Dispensers, Moving Supplies</p><p> -35% 0FF </p><p>$12.99</p><a href="https://www.amazon.com/dp/B000J07BRQ?tag=eloabder-20&linkCode=osi&th=1&psc=1">View Product</a></div><div class="product"><a href="https://www.amazon.com/dp/B0000DH8HQ?tag=eloabder-20&linkCode=osi&th=1&psc=1"><img src="https://m.media-amazon.com/images/I/414lAY+087L._SL500_.jpg" alt="Product Image"></a><p>Scotch Magic Tape, Invisible Transparent Tape, 6 Tape Rolls with Dispensers, 3/4 in x 650 in</p><p> -23% 0FF </p><p>$12.34</p><a href="https://www.amazon.com/dp/B0000DH8HQ?tag=eloabder-20&linkCode=osi&th=1&psc=1">View Product</a></div><div class="product"><a href="https://www.amazon.com/dp/B0DQHV6X92?tag=eloabder-20&linkCode=osi&th=1&psc=1"><img src="https://m.media-amazon.com/images/I/51ViCFlgldL._SL500_.jpg" alt="Product Image"></a><p>BeataTap Tape, Invisible Tape, 6 Rolls + 6 Refillable Dispensers, Matte Finish, Writable, 3/4″ x 650″, Transparent Tape, Clear Tape for Gift Wrapping Paper, School Supplies</p><p> -15% 0FF </p><p>$5.94 ($0.99 / Count)</p><a href="https://www.amazon.com/dp/B0DQHV6X92?tag=eloabder-20&linkCode=osi&th=1&psc=1">View Product</a></div><div class="product"><a href="https://www.amazon.com/dp/B07CB6LN5S?tag=eloabder-20&linkCode=osi&th=1&psc=1"><img src="https://m.media-amazon.com/images/I/41NNyeISnjL._SL500_.jpg" alt="Product Image"></a><p>Scotch Super-Hold Tape, 2 Rolls, Transparent Finish, 50% More Adhesive, Trusted Favorite, 3/4 x 600 Inches, Dispensered (198DM-2)</p><p> -30% 0FF </p><p>$5.97</p><a href="https://www.amazon.com/dp/B07CB6LN5S?tag=eloabder-20&linkCode=osi&th=1&psc=1">View Product</a></div><div class="product"><a href="https://www.amazon.com/dp/B00464740A?tag=eloabder-20&linkCode=osi&th=1&psc=1"><img src="https://m.media-amazon.com/images/I/51ZPFoiGfuL._SL500_.jpg" alt="Product Image"></a><p>Scotch Sure Start Shipping Packaging Tape, 1.88" x 22.2 yd, Designed for Packing, Shipping and Mailing, Quiet Unwind, No Splitting or Tearing, 1.5" Core, Clear, 6 Dispensered Rolls (145-6)</p><p> -28% 0FF </p><p>$13.48</p><a href="https://www.amazon.com/dp/B00464740A?tag=eloabder-20&linkCode=osi&th=1&psc=1">View Product</a></div><div class="product"><a href="https://www.amazon.com/dp/B09C6LLG9P?tag=eloabder-20&linkCode=osi&th=1&psc=1"><img src="https://m.media-amazon.com/images/I/41rbv66ZNBL._SL500_.jpg" alt="Product Image"></a><p>Scotch Box Lock Packaging Tape, 1 Roll with Dispenser, 1.88 in x 1000 in, Extreme Grip, Sticks Instantly to Any Box (195L)</p><p> -31% 0FF </p><p>$4.12</p><a href="https://www.amazon.com/dp/B09C6LLG9P?tag=eloabder-20&linkCode=osi&th=1&psc=1">View Product</a></div>
<div class="product"><a href="https://www.amazon.com/dp/B08QQZ71CV?tag=eloabder-20&linkCode=osi&th=1&psc=1"><img src="https://m.media-amazon.com/images/I/51Foz0aGYoS._SL500_.jpg" alt="Product Image"></a><p>Gorilla Super Glue, Clear Glue, Four 3 Gram Tubes (Pack of 1) - All Purpose and Fast Setting for Projects and Repairs</p><p> -25% 0FF </p><p>$9.49 ($22.60 / Ounce)</p><a href="https://www.amazon.com/dp/B08QQZ71CV?tag=eloabder-20&linkCode=osi&th=1&psc=1">View Product</a></div><div class="product"><a href="https://www.amazon.com/dp/B07J6R3GK7?tag=eloabder-20&linkCode=osi&th=1&psc=1"><img src="https://m.media-amazon.com/images/I/31kdOjGBkpL._SL500_.jpg" alt="Product Image"></a><p>Amazon Basics All Purpose Washable School Clear Liquid Glue - Great for Making Slime, 128 fl oz</p><p> -6% 0FF </p><p>$16.13</p><a href="https://www.amazon.com/dp/B07J6R3GK7?tag=eloabder-20&linkCode=osi&th=1&psc=1">View Product</a></div><div class="product"><a href="https://www.amazon.com/dp/B00178QQJ8?tag=eloabder-20&linkCode=osi&th=1&psc=1"><img src="https://m.media-amazon.com/images/I/41zs6k410RL._SL500_.jpg" alt="Product Image"></a><p>Mod Podge Gloss Sealer, Glue & Finish: All-in-One Craft Solution- Quick Dry, Easy Clean, for Wood, Paper, Fabric & More. Non-Toxic - Craft with Confidence, Made in USA, 16 oz., Pack of 1</p><p> -36% 0FF </p><p>$7.99 ($0.50 / Fl Oz)</p><a href="https://www.amazon.com/dp/B00178QQJ8?tag=eloabder-20&linkCode=osi&th=1&psc=1">View Product</a></div><div class="product"><a href="https://www.amazon.com/dp/B073V14DZJ?tag=eloabder-20&linkCode=osi&th=1&psc=1"><img src="https://m.media-amazon.com/images/I/31Iyy5+vk6L._SL500_.jpg" alt="Product Image"></a><p>Amazon Basics All Purpose Washable School Craft Liquid Glue for Making Slime, White, Single Pack, 1 Gallon</p><p> -7% 0FF </p><p>$15.54</p><a href="https://www.amazon.com/dp/B073V14DZJ?tag=eloabder-20&linkCode=osi&th=1&psc=1">View Product</a></div><div class="product"><a href="https://www.amazon.com/dp/B0006HUJCQ?tag=eloabder-20&linkCode=osi&th=1&psc=1"><img src="https://m.media-amazon.com/images/I/511pTqChTCL._SL500_.jpg" alt="Product Image"></a><p>Loctite Super Glue Gel Control, Clear, 0.14 fl oz Bottle, 1 Pack - Superglue for Plastic, Wood, Metal, Crafts & Repair, Cyanoacrylate Adhesive Instant Glue, Quick Dry</p><p> -13% 0FF </p><p>$3.64 ($26.00 / Fl Oz)</p><a href="https://www.amazon.com/dp/B0006HUJCQ?tag=eloabder-20&linkCode=osi&th=1&psc=1">View Product</a></div>
<div class="product"><a href="https://www.amazon.com/dp/B074XTRX7K?tag=eloabder-20&linkCode=osi&th=1&psc=1"><img src="https://m.media-amazon.com/images/I/31rOPIrMfDL._SL500_.jpg" alt="Product Image"></a><p>Amazon Basics Sturdy Binder Clips for Office Use, 96 Count (8 Pack of 12), Medium, 1.25 in, Black</p><p> -26% 0FF </p><p>$7.48</p><a href="https://www.amazon.com/dp/B074XTRX7K?tag=eloabder-20&linkCode=osi&th=1&psc=1">View Product</a></div><div class="product"><a href="https://www.amazon.com/dp/B00TQ8FDB8?tag=eloabder-20&linkCode=osi&th=1&psc=1"><img src="https://m.media-amazon.com/images/I/51y7lUrMLnL._SL500_.jpg" alt="Product Image"></a><p>ACCO Binder Clips, Medium, Black, 12 per Box, 2 Boxes (72062)</p><p> -25% 0FF </p><p>$5.96</p><a href="https://www.amazon.com/dp/B00TQ8FDB8?tag=eloabder-20&linkCode=osi&th=1&psc=1">View Product</a></div><div class="product"><a href="https://www.amazon.com/dp/B08KWCDP3C?tag=eloabder-20&linkCode=osi&th=1&psc=1"><img src="https://m.media-amazon.com/images/I/41qucDz6HuL._SL500_.jpg" alt="Product Image"></a><p>Ufmarine Medium Binder Clips 1.25 inch Length, (40 Pcs) Colorful Paper Clips Medium for Office</p><p> -12% 0FF </p><p>$5.99</p><a href="https://www.amazon.com/dp/B08KWCDP3C?tag=eloabder-20&linkCode=osi&th=1&psc=1">View Product</a></div>
<div class="product"><a href="https://www.amazon.com/dp/B09XQLJFDD?tag=eloabder-20&linkCode=osi&th=1&psc=1"><img src="https://m.media-amazon.com/images/I/41iiSFMy4uL._SL500_.jpg" alt="Product Image"></a><p>PAPERPAL Paperclips for Office School & Personal Use, #1 Nonskid Paper Clip (1-2/7"), 600 Medium Paper Clips (6 Boxes of 100 Each), Silver</p><p> -20% 0FF </p><p>$7.99</p><a href="https://www.amazon.com/dp/B09XQLJFDD?tag=eloabder-20&linkCode=osi&th=1&psc=1">View Product</a></div>

<div class="product"><a href="https://www.amazon.com/dp/B004I2G8NO?tag=eloabder-20&linkCode=osi&th=1&psc=1"><img src="https://m.media-amazon.com/images/I/51WEsLRINGL._SL500_.jpg" alt="Product Image"></a><p>Business Source Rubber Band, Natural (1914LB)</p><p> -26% 0FF </p><p>$4.00</p><a href="https://www.amazon.com/dp/B004I2G8NO?tag=eloabder-20&linkCode=osi&th=1&psc=1">View Product</a></div><div class="product"><a href="https://www.amazon.com/dp/B077GDY1LP?tag=eloabder-20&linkCode=osi&th=1&psc=1"><img src="https://m.media-amazon.com/images/I/41nn0nmNTiL._SL500_.jpg" alt="Product Image"></a><p>ANNIE 1000 RUBBER BANDS 1/2" #BLACK</p><p> -7% 0FF </p><p>$4.90 ($1.22 / Count)</p><a href="https://www.amazon.com/dp/B077GDY1LP?tag=eloabder-20&linkCode=osi&th=1&psc=1">View Product</a></div><div class="product"><a href="https://www.amazon.com/dp/B000783OPI?tag=eloabder-20&linkCode=osi&th=1&psc=1"><img src="https://m.media-amazon.com/images/I/510okXKzMqL._SL500_.jpg" alt="Product Image"></a><p>Universal 00419 19-Size Rubber Bands (335 Per Pack), Beige</p><p> -29% 0FF </p><p>$3.44</p><a href="https://www.amazon.com/dp/B000783OPI?tag=eloabder-20&linkCode=osi&th=1&psc=1">View Product</a></div><div class="product"><a href="https://www.amazon.com/dp/B00006IBRU?tag=eloabder-20&linkCode=osi&th=1&psc=1"><img src="https://m.media-amazon.com/images/I/51pU5khkX8L._SL500_.jpg" alt="Product Image"></a><p>ALL26335 - Alliance Rubber 26335 Advantage Rubber Bands - Size #33, Natural, 1 Pound 3 x 1/8 inches</p><p> -62% 0FF </p><p>$3.29</p><a href="https://www.amazon.com/dp/B00006IBRU?tag=eloabder-20&linkCode=osi&th=1&psc=1">View Product</a></div>
<div class="product"><a href="https://www.amazon.com/dp/B0DSKTZBB6?tag=eloabder-20&linkCode=osi&th=1&psc=1"><img src="https://m.media-amazon.com/images/I/415YD3kNFlL._SL500_.jpg" alt="Product Image"></a><p>300 Count Colored Index Cards 3 x 5 Inch Ruled Index Cards, Flash Cards College Ruled for School, College, Office and Home Organization, Durable Study To Do List Note Cards with Ruled Lines</p><p> -10% 0FF </p><p>$6.29</p><a href="https://www.amazon.com/dp/B0DSKTZBB6?tag=eloabder-20&linkCode=osi&th=1&psc=1">View Product</a></div><div class="product"><a href="https://www.amazon.com/dp/B09JYQZQ3V?tag=eloabder-20&linkCode=osi&th=1&psc=1"><img src="https://m.media-amazon.com/images/I/41y5vfnutuL._SL500_.jpg" alt="Product Image"></a><p>Oxford Index Cards, 3 x 5 Inches, White, Lined on Front, Blank on Back, Flashcards for School and Studying, Recipe Note Cards, 500 Count (5 Packs of 100) (40176)</p><p> -22% 0FF </p><p>$7.01</p><a href="https://www.amazon.com/dp/B09JYQZQ3V?tag=eloabder-20&linkCode=osi&th=1&psc=1">View Product</a></div>
<div class="product"><a href="https://www.amazon.com/dp/B00P9U2EM8?tag=eloabder-20&linkCode=osi&th=1&psc=1"><img src="https://m.media-amazon.com/images/I/41Op5kyIukL._SL500_.jpg" alt="Product Image"></a><p>Mead Spiral Notebook, 6 Pack, 1 Subject, College Ruled Paper, 7-1/2" x 10-1/2", 70 Sheets per Notebook, Colors Will Vary (830062-ECM25)</p><p> -46% 0FF </p><p>$6.71</p><a href="https://www.amazon.com/dp/B00P9U2EM8?tag=eloabder-20&linkCode=osi&th=1&psc=1">View Product</a></div><div class="product"><a href="https://www.amazon.com/dp/B0CQN8FVJX?tag=eloabder-20&linkCode=osi&th=1&psc=1"><img src="https://m.media-amazon.com/images/I/414WVVoGFPL._SL500_.jpg" alt="Product Image"></a><p>SUNEE Spiral Notebooks, 1-Subject, 5 Pack, College Ruled Paper, 8" x 10-1/2", 70 Sheets per Notebook,3-Hole Punched Paper, Pink,Purple, Blue, Green, Yellow Spiral Lined Notebooks for School,Work</p><p> -29% 0FF </p><p>$9.99</p><a href="https://www.amazon.com/dp/B0CQN8FVJX?tag=eloabder-20&linkCode=osi&th=1&psc=1">View Product</a></div><div class="product"><a href="https://www.amazon.com/dp/B08NYRMWZ8?tag=eloabder-20&linkCode=osi&th=1&psc=1"><img src="https://m.media-amazon.com/images/I/41y1cnNXtOL._SL500_.jpg" alt="Product Image"></a><p>Yansanido Spiral Notebook, 4 Pcs 8.3 Inch x 5.9 Inch A5 Thick Plastic Hardcover 8mm Ruled 4 Color 80 Sheets -160 Pages Journals for Study and Notes (style 10-Wine Red,Brown,Green,ivory, A5)</p><p> -23% 0FF </p><p>$9.99</p><a href="https://www.amazon.com/dp/B08NYRMWZ8?tag=eloabder-20&linkCode=osi&th=1&psc=1">View Product</a></div><div class="product"><a href="https://www.amazon.com/dp/B08VF9VYLZ?tag=eloabder-20&linkCode=osi&th=1&psc=1"><img src="https://m.media-amazon.com/images/I/41ktUSmtHAL._SL500_.jpg" alt="Product Image"></a><p>Oxford Spiral Notebooks, 6 Pack, 1 Subject, Wide Ruled Notebooks for School, 8 x 10.5 Inches, 70 Sheets, Assorted Pastel Colors, Back to School Supplies (63757)</p><p> -6% 0FF </p><p>$8.99</p><a href="https://www.amazon.com/dp/B08VF9VYLZ?tag=eloabder-20&linkCode=osi&th=1&psc=1">View Product</a></div>
<div class="product"><a href="https://www.amazon.com/dp/B0FDRCSXZH?tag=eloabder-20&linkCode=osi&th=1&psc=1"><img src="https://m.media-amazon.com/images/I/41rYztS-0zL._SL500_.jpg" alt="Product Image"></a><p>5pcs Small Note Pads, Color Notepads 5x8 College Ruled Notebook, Writing Pads 5 x 8, Legal Pads, Memo Pad Paper Perforate Narrow Ruled Notebooks for Work, School, Office Supplies,30 Sheets/Pack</p><p> -14% 0FF </p><p>$5.99</p><a href="https://www.amazon.com/dp/B0FDRCSXZH?tag=eloabder-20&linkCode=osi&th=1&psc=1">View Product</a></div><div class="product"><a href="https://www.amazon.com/dp/B0BZQNCV62?tag=eloabder-20&linkCode=osi&th=1&psc=1"><img src="https://m.media-amazon.com/images/I/41yNqvqCwoL._SL500_.jpg" alt="Product Image"></a><p>Alitte Legal Notepads 8.5 x 11, Pack of 12 - Perforated Wide Ruled Writing Pad - Premium Thick Paper, No Ink Bleeding - Blank Legal Pads For Home, Office, School, Business - 50 Sheets Per Notebook</p><p> -17% 0FF </p><p>$24.99</p><a href="https://www.amazon.com/dp/B0BZQNCV62?tag=eloabder-20&linkCode=osi&th=1&psc=1">View Product</a></div>
<div class="product"><a href="https://www.amazon.com/dp/B0C7S1PCX4?tag=eloabder-20&linkCode=osi&th=1&psc=1"><img src="https://m.media-amazon.com/images/I/41nVRBg2klL._SL500_.jpg" alt="Product Image"></a><p>Oxford 8.5 x 11 Legal Pads, 12 Pack, Wide Ruled, Yellow Paper, 50 Sheets Per Writing Pad, Made in the USA (74020)</p><p> -30% 0FF </p><p>$12.60</p><a href="https://www.amazon.com/dp/B0C7S1PCX4?tag=eloabder-20&linkCode=osi&th=1&psc=1">View Product</a></div><div class="product"><a href="https://www.amazon.com/dp/B0CGF22134?tag=eloabder-20&linkCode=osi&th=1&psc=1"><img src="https://m.media-amazon.com/images/I/41FzLgeXAyL._SL500_.jpg" alt="Product Image"></a><p>MSKKSM Legal Pads 8.5 x 11, 3 Pack Yellow Note Pads 8.5 x 11 Writing Pads, Wide Ruled Legal Notepads, Lined Pads of Paper Yellow Paper Pads, 30 Sheets Per Notepad for School, Home, Office, Business</p><p> -17% 0FF </p><p>$9.99</p><a href="https://www.amazon.com/dp/B0CGF22134?tag=eloabder-20&linkCode=osi&th=1&psc=1">View Product</a></div><div class="product"><a href="https://www.amazon.com/dp/B0FCMWHFC2?tag=eloabder-20&linkCode=osi&th=1&psc=1"><img src="https://m.media-amazon.com/images/I/41MMVFB-S4L._SL500_.jpg" alt="Product Image"></a><p>5pcs Legal Pads 8.5 x 11, Notepads 8.5 x 11 Inch, Color Note Pads Clear Print Writing Pads of Paper, Memo Pads , Perforate Legal Notepads Paper , Wide Ruled Lined with Sturdy Back,30 Sheets/Pack</p><p> -8% 0FF </p><p>$11.99</p><a href="https://www.amazon.com/dp/B0FCMWHFC2?tag=eloabder-20&linkCode=osi&th=1&psc=1">View Product</a></div>
<div class="product"><a href="https://www.amazon.com/dp/B08H593JZG?tag=eloabder-20&linkCode=osi&th=1&psc=1"><img src="https://m.media-amazon.com/images/I/415Ykzo-lyL._SL500_.jpg" alt="Product Image"></a><p>Eastern Wolf 8 Pads Sticky Notes 3x3 Self-Stick Notes 8 Bright Multi Colors Purple Sticky Notes, 85 Sheet/Pad</p><p> -20% 0FF </p><p>$5.59</p><a href="https://www.amazon.com/dp/B08H593JZG?tag=eloabder-20&linkCode=osi&th=1&psc=1">View Product</a></div><div class="product"><a href="https://www.amazon.com/dp/B0BPJW13CM?tag=eloabder-20&linkCode=osi&th=1&psc=1"><img src="https://m.media-amazon.com/images/I/41uKwTyz1rL._SL500_.jpg" alt="Product Image"></a><p>Post-it 100% Recycled Paper Super Sticky Notes, 2X The Sticking Power, 3x3 in, 5 Pads, 70 Sheets/Pad, Wanderlust Pastels Collection (654R-5SSNRP)</p><p> -33% 0FF </p><p>$5.98</p><a href="https://www.amazon.com/dp/B0BPJW13CM?tag=eloabder-20&linkCode=osi&th=1&psc=1">View Product</a></div><div class="product"><a href="https://www.amazon.com/dp/B0D6RPPK9H?tag=eloabder-20&linkCode=osi&th=1&psc=1"><img src="https://m.media-amazon.com/images/I/41O8zZ-RN4L._SL500_.jpg" alt="Product Image"></a><p>(18 Pads) Sticky Notes 3x3 inch, Self-Stick Pads Bright Colors Sticky Note, Recyclable, Easy to Post for Home, Office, Notebook</p><p> -40% 0FF </p><p>$8.39</p><a href="https://www.amazon.com/dp/B0D6RPPK9H?tag=eloabder-20&linkCode=osi&th=1&psc=1">View Product</a></div><div class="product"><a href="https://www.amazon.com/dp/B0CMGJ6FRB?tag=eloabder-20&linkCode=osi&th=1&psc=1"><img src="https://m.media-amazon.com/images/I/41xF9DqIGZL._SL500_.jpg" alt="Product Image"></a><p>Sticky Notes, 12 Pads, 3x3 inches, Soft Pastel Self-Stick Note Pads, Perfect for Office, Study, and Daily Life Organization - Soft Pastel</p><p> -16% 0FF </p><p>$5.06</p><a href="https://www.amazon.com/dp/B0CMGJ6FRB?tag=eloabder-20&linkCode=osi&th=1&psc=1">View Product</a></div>
<div class="product"><a href="https://www.amazon.com/dp/B07VRYX57R?tag=eloabder-20&linkCode=osi&th=1&psc=1"><img src="https://m.media-amazon.com/images/I/410XbLRqukL._SL500_.jpg" alt="Product Image"></a><p>(24 Pack) Sticky Notes 3x3 in Post Bright Stickies Colorful Super Sticking Power Memo Pads, Strong Adhesive, 74 Sheets/pad</p><p> -35% 0FF </p><p>$16.99</p><a href="https://www.amazon.com/dp/B07VRYX57R?tag=eloabder-20&linkCode=osi&th=1&psc=1">View Product</a></div><div class="product"><a href="https://www.amazon.com/dp/B00QSR9PRI?tag=eloabder-20&linkCode=osi&th=1&psc=1"><img src="https://m.media-amazon.com/images/I/31n-YNlgraL._SL500_.jpg" alt="Product Image"></a><p>Amazon Basics Narrow Ruled Lined Writing Note Pad, 5 inch x 8 inch, White, 12 Count (12 Pack of 50 pages)</p><p> -6% 0FF </p><p>$8.78</p><a href="https://www.amazon.com/dp/B00QSR9PRI?tag=eloabder-20&linkCode=osi&th=1&psc=1">View Product</a></div><div class="product"><a href="https://www.amazon.com/dp/B0D5M4D3NN?tag=eloabder-20&linkCode=osi&th=1&psc=1"><img src="https://m.media-amazon.com/images/I/41uzPvHBCDL._SL500_.jpg" alt="Product Image"></a><p>(12 Pack) Lined Sticky Notes 4x6 in Ruled Stickies Super Sticking Power Memo Pads Bright Colors</p><p> -40% 0FF </p><p>$8.98</p><a href="https://www.amazon.com/dp/B0D5M4D3NN?tag=eloabder-20&linkCode=osi&th=1&psc=1">View Product</a></div><div class="product"><a href="https://www.amazon.com/dp/B0CQK3M5VK?tag=eloabder-20&linkCode=osi&th=1&psc=1"><img src="https://m.media-amazon.com/images/I/31jKEzc1qFL._SL500_.jpg" alt="Product Image"></a><p>Note Pads 4x6 Inch, 6 Pack Blank Scratch Pads, 50 Sheets Per Memo Pad for Writing, White Pad of Paper Suit for Home, Office and School, Tear off Notepad, Small Server Notebook</p><p> -10% 0FF </p><p>$6.29</p><a href="https://www.amazon.com/dp/B0CQK3M5VK?tag=eloabder-20&linkCode=osi&th=1&psc=1">View Product</a></div>
<div class="product"><a href="https://www.amazon.com/dp/B0F5D4VNBX?tag=eloabder-20&linkCode=osi&th=1&psc=1"><img src="https://m.media-amazon.com/images/I/41SnXbixNcL._SL500_.jpg" alt="Product Image"></a><p>Blue Sky 2026 Weekly and Monthly Planner Calendar, Includes January 2026 - December 2026, 5" x 8", Flexible Cover, Wirebound, Laminated Tabs, Enterprise</p><p> -10% 0FF </p><p>$8.99</p><a href="https://www.amazon.com/dp/B0F5D4VNBX?tag=eloabder-20&linkCode=osi&th=1&psc=1">View Product</a></div><div class="product"><a href="https://www.amazon.com/dp/B0FRNQDRCR?tag=eloabder-20&linkCode=osi&th=1&psc=1"><img src="https://m.media-amazon.com/images/I/51rBf1oJchL._SL500_.jpg" alt="Product Image"></a><p>Essential PRO 2026 Daily, Weekly & Monthly Planner, 7"x9": 14 Months (Nov 2025 - Dec 2026) Monthly Tabs,Daily Tracking,Notes Pages,Storage Pocket,Bookmark w Sticky Notes (Tree Seasons)</p><p> -14% 0FF </p><p>$29.95</p><a href="https://www.amazon.com/dp/B0FRNQDRCR?tag=eloabder-20&linkCode=osi&th=1&psc=1">View Product</a></div><div class="product"><a href="https://www.amazon.com/dp/B0DYBQWJ5S?tag=eloabder-20&linkCode=osi&th=1&psc=1"><img src="https://m.media-amazon.com/images/I/41UP6Ui7BjL._SL500_.jpg" alt="Product Image"></a><p>AT-A-GLANCE 2026 Appointment Book Planner, Weekly, 8" x 11", Large, Quarter-Hourly, DayMinder, Black (G5200026)</p><p> -45% 0FF </p><p>$15.87</p><a href="https://www.amazon.com/dp/B0DYBQWJ5S?tag=eloabder-20&linkCode=osi&th=1&psc=1">View Product</a></div><div class="product"><a href="https://www.amazon.com/dp/B0DJ8SXCR4?tag=eloabder-20&linkCode=osi&th=1&psc=1"><img src="https://m.media-amazon.com/images/I/41sRmmLvCsL._SL500_.jpg" alt="Product Image"></a><p>Planner 2025-2026, Weekly and Monthly Calendar Academic Planner (July 2025 - June 2026), Hardcover Teacher School Student Agenda with Tabs, Ideal for School Office Supplies, A5 (6.3" x 8.5") - Green</p><p> -25% 0FF </p><p>$8.99</p><a href="https://www.amazon.com/dp/B0DJ8SXCR4?tag=eloabder-20&linkCode=osi&th=1&psc=1">View Product</a></div><div class="product"><a href="https://www.amazon.com/dp/B0D2VW43KP?tag=eloabder-20&linkCode=osi&th=1&psc=1"><img src="https://m.media-amazon.com/images/I/41eyA1Q1U4L._SL500_.jpg" alt="Product Image"></a><p>Forvencer 2026 Planner, Hardcover Calendar Planner Weekly and Monthly, January 2026 - December 2026, 8.5" x 11", Spiral Agenda Book with Tabs, Exquisite Daily Journal with Inner Pocket, Organizer Notebook for Office Home School, A4 Size, Green</p><p> -41% 0FF </p><p>$9.99</p><a href="https://www.amazon.com/dp/B0D2VW43KP?tag=eloabder-20&linkCode=osi&th=1&psc=1">View Product</a></div>
<div class="product"><a href="https://www.amazon.com/dp/B0DYBYRY3R?tag=eloabder-20&linkCode=osi&th=1&psc=1"><img src="https://m.media-amazon.com/images/I/41oxPcKnCuL._SL500_.jpg" alt="Product Image"></a><p>AT-A-GLANCE 2026 Desk Calendar, Monthly, Desk Pad, 21-3/4" x 17", Large, Ruled Blocks (SK240026)</p><p> -19% 0FF </p><p>$11.89</p><a href="https://www.amazon.com/dp/B0DYBYRY3R?tag=eloabder-20&linkCode=osi&th=1&psc=1">View Product</a></div><div class="product"><a href="https://www.amazon.com/dp/B0DXQ416QR?tag=eloabder-20&linkCode=osi&th=1&psc=1"><img src="https://m.media-amazon.com/images/I/41o3YUjfIVL._SL500_.jpg" alt="Product Image"></a><p>Aesthetic 2025-2026 Wall Calendar - Runs from May 2025 Until December 2026 - The Perfect Modern Calendar Planner for Easy Organizing</p><p> -43% 0FF </p><p>$3.99</p><a href="https://www.amazon.com/dp/B0DXQ416QR?tag=eloabder-20&linkCode=osi&th=1&psc=1">View Product</a></div><div class="product"><a href="https://www.amazon.com/dp/B0CCRXKSK8?tag=eloabder-20&linkCode=osi&th=1&psc=1"><img src="https://m.media-amazon.com/images/I/51eOdkimr+L._SL500_.jpg" alt="Product Image"></a><p>SUNEE Wall Calendar 2025-2026 Large 22.75"x15.5", 21 Month Calendar from October 2025 to June 2027, Vertical Extra Large Monthly Calendar 2026 for Wall, Seasons Color</p><p> -24% 0FF </p><p>$15.19</p><a href="https://www.amazon.com/dp/B0CCRXKSK8?tag=eloabder-20&linkCode=osi&th=1&psc=1">View Product</a></div><div class="product"><a href="https://www.amazon.com/dp/B0F7HZ7C9G?tag=eloabder-20&linkCode=osi&th=1&psc=1"><img src="https://m.media-amazon.com/images/I/41rkKO18HGL._SL500_.jpg" alt="Product Image"></a><p>Beautiful 2025-2026 Wall Calendar - Runs from July 2025 until December 2026 – Large 14.5" x 11.5" Office Wall Calendar for Easy Organizing</p><p> -10% 0FF </p><p>$8.99</p><a href="https://www.amazon.com/dp/B0F7HZ7C9G?tag=eloabder-20&linkCode=osi&th=1&psc=1">View Product</a></div><div class="product"><a href="https://www.amazon.com/dp/B0DYDC7ZLV?tag=eloabder-20&linkCode=osi&th=1&psc=1"><img src="https://m.media-amazon.com/images/I/51MOLWJ45HL._SL500_.jpg" alt="Product Image"></a><p>XISIDO 2025-2026 Wall Calendar, Calendar 2025-2026, 18 Month Calendar July 2025 - December 2026, 14.8" X 11.5", Calendar with Twin-Wire Binding, Hanging Hook and Julian Dates (Seasonal Designs)</p><p> -20% 0FF </p><p>$7.99</p><a href="https://www.amazon.com/dp/B0DYDC7ZLV?tag=eloabder-20&linkCode=osi&th=1&psc=1">View Product</a></div><div class="product"><a href="https://www.amazon.com/dp/B0D2KCVBBD?tag=eloabder-20&linkCode=osi&th=1&psc=1"><img src="https://m.media-amazon.com/images/I/51Eg-3ZKZxL._SL500_.jpg" alt="Product Image"></a><p>XISIDO Calendar 2025-2026, 18 Months Wall Calendar July 2025 to Dec 2026 Calendar with Julian Dates, 11" X 8.5" (Colorful)</p><p> -33% 0FF </p><p>$3.99</p><a href="https://www.amazon.com/dp/B0D2KCVBBD?tag=eloabder-20&linkCode=osi&th=1&psc=1">View Product</a></div><div class="product"><a href="https://www.amazon.com/dp/B0DY7R9226?tag=eloabder-20&linkCode=osi&th=1&psc=1"><img src="https://m.media-amazon.com/images/I/41eTUjCfzFL._SL500_.jpg" alt="Product Image"></a><p>Lbylyhxc Wall Calendar 2025-2026 - Runs from July 2025 to December 2026-18 Monthly Calendar 2026. Thick Paper includes major holidays and dedicated space for notes and important dates (Colorful Calendar 2025-2026)</p><p> -50% 0FF </p><p>$2.49</p><a href="https://www.amazon.com/dp/B0DY7R9226?tag=eloabder-20&linkCode=osi&th=1&psc=1">View Product</a></div>
<div class="product"><a href="https://www.amazon.com/dp/B00NI5LVAW?tag=eloabder-20&linkCode=osi&th=1&psc=1"><img src="https://m.media-amazon.com/images/I/31X0RgqQ1ML._SL500_.jpg" alt="Product Image"></a><p>Pendaflex File Folders, Letter Size, 1/3 Cut, Manila, 250 per Box (752250)</p><p> -11% 0FF </p><p>$26.50</p><a href="https://www.amazon.com/dp/B00NI5LVAW?tag=eloabder-20&linkCode=osi&th=1&psc=1">View Product</a></div><div class="product"><a href="https://www.amazon.com/dp/B0D1YBFHS8?tag=eloabder-20&linkCode=osi&th=1&psc=1"><img src="https://m.media-amazon.com/images/I/41qkHxiS+vL._SL500_.jpg" alt="Product Image"></a><p>SUNEE File Folders, 30 Pack Manilla Folders 8.5 x 11, Colored File Folders Home Office School Supplies for Documents Files Paper, 6 Assorted Colors</p><p> -26% 0FF </p><p>$9.99</p><a href="https://www.amazon.com/dp/B0D1YBFHS8?tag=eloabder-20&linkCode=osi&th=1&psc=1">View Product</a></div><div class="product"><a href="https://www.amazon.com/dp/B000DZ9XGO?tag=eloabder-20&linkCode=osi&th=1&psc=1"><img src="https://m.media-amazon.com/images/I/31WKzTB-4WL._SL500_.jpg" alt="Product Image"></a><p>Oxford Two-Pocket Folders, Assorted Colors, Letter Size, 25 per box (57513)</p><p> -32% 0FF </p><p>$12.23</p><a href="https://www.amazon.com/dp/B000DZ9XGO?tag=eloabder-20&linkCode=osi&th=1&psc=1">View Product</a></div><div class="product"><a href="https://www.amazon.com/dp/B0F8H75MLS?tag=eloabder-20&linkCode=osi&th=1&psc=1"><img src="https://m.media-amazon.com/images/I/41GV18+8+zL._SL500_.jpg" alt="Product Image"></a><p>Plastic Folders with Pockets, 6 Pack Document Folders with Business Card Slot, 2 Pocket Folders Back to School Supplies for Kids, Office</p><p> -33% 0FF </p><p>$5.99</p><a href="https://www.amazon.com/dp/B0F8H75MLS?tag=eloabder-20&linkCode=osi&th=1&psc=1">View Product</a></div><div class="product"><a href="https://www.amazon.com/dp/B0CPDTKFVF?tag=eloabder-20&linkCode=osi&th=1&psc=1"><img src="https://m.media-amazon.com/images/I/41PQ8ToLyhL._SL500_.jpg" alt="Product Image"></a><p>Aegero Plastic Folders with Pockets (7 Pack, Assorted Colors), Durable Heavy Duty File Folders with Business Card Slot, 2-Pocket Folder for Schoolwork & Office,Letter Size…</p><p> -11% 0FF </p><p>$7.99</p><a href="https://www.amazon.com/dp/B0CPDTKFVF?tag=eloabder-20&linkCode=osi&th=1&psc=1">View Product</a></div>
<div class="product"><a href="https://www.amazon.com/dp/B0CSPT4RFH?tag=eloabder-20&linkCode=osi&th=1&psc=1"><img src="https://m.media-amazon.com/images/I/31O8kdFg7FL._SL500_.jpg" alt="Product Image"></a><p>Two Tone Color File Folders 8.5 x 11 Inch, 1/3 Cut Tab File Folders Letter Size, Assorted Colors, Blue Red Green Yellow Orange Manila File Folders, School Business Office Folders for Document -15 Pack</p><p> -13% 0FF </p><p>$6.99</p><a href="https://www.amazon.com/dp/B0CSPT4RFH?tag=eloabder-20&linkCode=osi&th=1&psc=1">View Product</a></div><div class="product"><a href="https://www.amazon.com/dp/B01MXC0YS5?tag=eloabder-20&linkCode=osi&th=1&psc=1"><img src="https://m.media-amazon.com/images/I/41YLerNwKTL._SL500_.jpg" alt="Product Image"></a><p>Pendaflex Hanging File Folders, Letter Size, Assorted Colors, 1/5-Cut Adjustable Tabs, 25 Per Box (81663)</p><p> -7% 0FF </p><p>$13.99</p><a href="https://www.amazon.com/dp/B01MXC0YS5?tag=eloabder-20&linkCode=osi&th=1&psc=1">View Product</a></div><div class="product"><a href="https://www.amazon.com/dp/B0896Q5MMC?tag=eloabder-20&linkCode=osi&th=1&psc=1"><img src="https://m.media-amazon.com/images/I/41jDOLSqtWL._SL500_.jpg" alt="Product Image"></a><p>Pendaflex Two Tone Color File Folders, Letter Size, Assorted Colors (Teal, Violet, Gray, Navy and Burgundy), 1/3-Cut Tabs, 5 Color, 100/Box, (02315)</p><p> -27% 0FF </p><p>$13.89</p><a href="https://www.amazon.com/dp/B0896Q5MMC?tag=eloabder-20&linkCode=osi&th=1&psc=1">View Product</a></div><div class="product"><a href="https://www.amazon.com/dp/B0D1YCC6KK?tag=eloabder-20&linkCode=osi&th=1&psc=1"><img src="https://m.media-amazon.com/images/I/31aHHvZVc+L._SL500_.jpg" alt="Product Image"></a><p>SUNEE File Folders, 30 Pack Manilla Folders 8.5 x 11, Colored File Folders Home Office School Supplies for Documents Files Paper,6 Pastel Colors</p><p> -26% 0FF </p><p>$9.99</p><a href="https://www.amazon.com/dp/B0D1YCC6KK?tag=eloabder-20&linkCode=osi&th=1&psc=1">View Product</a></div>
<div class="product"><a href="https://www.amazon.com/dp/B0FGXLHFDD?tag=eloabder-20&linkCode=osi&th=1&psc=1"><img src="https://m.media-amazon.com/images/I/414ng1TKsOL._SL500_.jpg" alt="Product Image"></a><p>Trandraft Plastic Extra Capacity Hanging File Folders, 5 Inch Expanding Pocket with Movable Dividers, Letter Size Black File Folders with Insertable Tabs for Filing Cabine</p><p> -5% 0FF </p><p>$18.99</p><a href="https://www.amazon.com/dp/B0FGXLHFDD?tag=eloabder-20&linkCode=osi&th=1&psc=1">View Product</a></div><div class="product"><a href="https://www.amazon.com/dp/B08QTW4GJT?tag=eloabder-20&linkCode=osi&th=1&psc=1"><img src="https://m.media-amazon.com/images/I/41OVgNttdnL._SL500_.jpg" alt="Product Image"></a><p>Pendaflex Reinforced Hanging Folders, Letter Size, Assorted Colors 1/5 Cut, Tabs and Inserts, 25 Per Box (41522AMZ)</p><p> -32% 0FF </p><p>$13.99</p><a href="https://www.amazon.com/dp/B08QTW4GJT?tag=eloabder-20&linkCode=osi&th=1&psc=1">View Product</a></div><div class="product"><a href="https://www.amazon.com/dp/B07Y67ZCJS?tag=eloabder-20&linkCode=osi&th=1&psc=1"><img src="https://m.media-amazon.com/images/I/51g37Wkw2CL._SL500_.jpg" alt="Product Image"></a><p>EASEPRES 5 Pocket Mesh Hanging Wall File Organizer, Wall Mounted Mail Paper Document Folder Holder, Clipboard Storage Organization Magazine Rack with Nametag Label for Office Home School, Black</p><p> -30% 0FF </p><p>$22.99</p><a href="https://www.amazon.com/dp/B07Y67ZCJS?tag=eloabder-20&linkCode=osi&th=1&psc=1">View Product</a></div><div class="product"><a href="https://www.amazon.com/dp/B0CGWNNBCV?tag=eloabder-20&linkCode=osi&th=1&psc=1"><img src="https://m.media-amazon.com/images/I/31SGzCfPDcL._SL500_.jpg" alt="Product Image"></a><p>SUNEE 25 Count Hanging File Folders, Pastel Colors, Hanging File Folders Letter Size, Hanging Folders with 1/5-cut Tabs, Designed for Bulky Files, Filing Cabinets, Medical Charts</p><p> -15% 0FF </p><p>$16.99</p><a href="https://www.amazon.com/dp/B0CGWNNBCV?tag=eloabder-20&linkCode=osi&th=1&psc=1">View Product</a></div><div class="product"><a href="https://www.amazon.com/dp/B00006IF4G?tag=eloabder-20&linkCode=osi&th=1&psc=1"><img src="https://m.media-amazon.com/images/I/31LuYqWSObL._SL500_.jpg" alt="Product Image"></a><p>Smead Standard Hanging File Folders, 25 Count, Assorted Primaries, 1/5-Cut Adjustable Tabs, Letter Size (64059)</p><p> -7% 0FF </p><p>$13.55</p><a href="https://www.amazon.com/dp/B00006IF4G?tag=eloabder-20&linkCode=osi&th=1&psc=1">View Product</a></div>
<div class="product"><a href="https://www.amazon.com/dp/B0C77GP9XB?tag=eloabder-20&linkCode=osi&th=1&psc=1"><img src="https://m.media-amazon.com/images/I/415Jszg3LKL._SL500_.jpg" alt="Product Image"></a><p>SKYDUE Expanding File Organizer with 8 Pockets, Accordion File Folders with Labels, Portable Document Paper Bill Receipt Organizer, Home College School Office Supplies, Letter Size, Blue</p><p> -13% 0FF </p><p>$6.98</p><a href="https://www.amazon.com/dp/B0C77GP9XB?tag=eloabder-20&linkCode=osi&th=1&psc=1">View Product</a></div><div class="product"><a href="https://www.amazon.com/dp/B0013CETUQ?tag=eloabder-20&linkCode=osi&th=1&psc=1"><img src="https://m.media-amazon.com/images/I/51GxTzd4XbL._SL500_.jpg" alt="Product Image"></a><p>Pendaflex R217DHD Heavy-Duty Expanding Open Top File, 31 Pockets, 1/3 Tab, Letter, Brown</p><p> -36% 0FF </p><p>$15.90</p><a href="https://www.amazon.com/dp/B0013CETUQ?tag=eloabder-20&linkCode=osi&th=1&psc=1">View Product</a></div><div class="product"><a href="https://www.amazon.com/dp/B000UHJCZC?tag=eloabder-20&linkCode=osi&th=1&psc=1"><img src="https://m.media-amazon.com/images/I/31bbG1gUU2L._SL500_.jpg" alt="Product Image"></a><p>Pendaflex Expanding File Pockets, Letter Size, Redrope, 3.5" Expansion, Reinforced with DuPont™ Tyvek® Material, Redrope, 25 per Box (1524E-OX)</p><p> -9% 0FF </p><p>$27.37</p><a href="https://www.amazon.com/dp/B000UHJCZC?tag=eloabder-20&linkCode=osi&th=1&psc=1">View Product</a></div><div class="product"><a href="https://www.amazon.com/dp/B000FD9YHM?tag=eloabder-20&linkCode=osi&th=1&psc=1"><img src="https://m.media-amazon.com/images/I/511Yz6zbRaL._SL500_.jpg" alt="Product Image"></a><p>Pendaflex Heavy Duty Expanding File with Extra-Thick Cover, Tyvek Reinforced Edges, 21 Pockets, A–Z Tabs, Elastic Cord Closure, Letter Size (R117ALHD),Brown</p><p> -14% 0FF </p><p>$14.99</p><a href="https://www.amazon.com/dp/B000FD9YHM?tag=eloabder-20&linkCode=osi&th=1&psc=1">View Product</a></div>
<div class="product"><a href="https://www.amazon.com/dp/B07GKPZDG4?tag=eloabder-20&linkCode=osi&th=1&psc=1"><img src="https://m.media-amazon.com/images/I/51sUuF8kU-L._SL500_.jpg" alt="Product Image"></a><p>Cardinal Economy 3 Ring Binder, 1.5 Inch, Presentation View, Black, Holds 350 Sheets, Nonstick, PVC Free, 4 Pack of Binders (79519)</p><p> -42% 0FF </p><p>$9.19</p><a href="https://www.amazon.com/dp/B07GKPZDG4?tag=eloabder-20&linkCode=osi&th=1&psc=1">View Product</a></div><div class="product"><a href="https://www.amazon.com/dp/B0BF57LL4V?tag=eloabder-20&linkCode=osi&th=1&psc=1"><img src="https://m.media-amazon.com/images/I/317fBolZ+4L._SL500_.jpg" alt="Product Image"></a><p>1-inch 3 Ring Binder with 2 Interior Pockets, 1'' Basic Binders Holds US Letter Size 8.5'' x 11'' Paper - Versatile Binders for Office, Home, and School Use, 6 Pack (White)</p><p> -15% 0FF </p><p>$24.64</p><a href="https://www.amazon.com/dp/B0BF57LL4V?tag=eloabder-20&linkCode=osi&th=1&psc=1">View Product</a></div><div class="product"><a href="https://www.amazon.com/dp/B0BXKQ7YTW?tag=eloabder-20&linkCode=osi&th=1&psc=1"><img src="https://m.media-amazon.com/images/I/416TyBdEZYL._SL500_.jpg" alt="Product Image"></a><p>SUNEE 3 Ring Binder 1 Inch 4 Pack, Clear View 1" Binders Three Ring PVC-Free (Fit 8.5x11 Inches) for School or Office Supplies, Assorted Pastel</p><p> -17% 0FF </p><p>$14.85</p><a href="https://www.amazon.com/dp/B0BXKQ7YTW?tag=eloabder-20&linkCode=osi&th=1&psc=1">View Product</a></div><div class="product"><a href="https://www.amazon.com/dp/B0D2ZF8FHZ?tag=eloabder-20&linkCode=osi&th=1&psc=1"><img src="https://m.media-amazon.com/images/I/31smaJgK7vL._SL500_.jpg" alt="Product Image"></a><p>BinderX Extra Durable 3 Ring Binder, Round Rings 1 Inch Binder, Fits 175 Sheets of 8.5x11 Paper, Customizable View Cover with Inside Pockets, Cute 1" Binders, 1 Inch Binders 3 Ring, Pink</p><p> -36% 0FF </p><p>$8.99</p><a href="https://www.amazon.com/dp/B0D2ZF8FHZ?tag=eloabder-20&linkCode=osi&th=1&psc=1">View Product</a></div><div class="product"><a href="https://www.amazon.com/dp/B001B0GJDU?tag=eloabder-20&linkCode=osi&th=1&psc=1"><img src="https://m.media-amazon.com/images/I/41vpkaYBqsL._SL500_.jpg" alt="Product Image"></a><p>Avery Heavy-Duty View 3 Ring Binder, 1" One Touch Slant Rings, Holds 8.5" x 11" Paper, 1 Black Binder (05300)</p><p> -46% 0FF </p><p>$5.89</p><a href="https://www.amazon.com/dp/B001B0GJDU?tag=eloabder-20&linkCode=osi&th=1&psc=1">View Product</a></div>
<div class="product"><a href="https://www.amazon.com/dp/B092CM3KVX?tag=eloabder-20&linkCode=osi&th=1&psc=1"><img src="https://m.media-amazon.com/images/I/51kltWaLgmL._SL500_.jpg" alt="Product Image"></a><p>Avery Write & Erase Dividers for 3 Ring Binders, 8 Tabs per Set, Multicolor Big Tabs, Pastels, Binder Dividers Great for Organizing Reports, Projects, and More (16271)</p><p> -31% 0FF </p><p>$3.90</p><a href="https://www.amazon.com/dp/B092CM3KVX?tag=eloabder-20&linkCode=osi&th=1&psc=1">View Product</a></div><div class="product"><a href="https://www.amazon.com/dp/B08WBYPVGJ?tag=eloabder-20&linkCode=osi&th=1&psc=1"><img src="https://m.media-amazon.com/images/I/31NPQ52TfAL._SL500_.jpg" alt="Product Image"></a><p>Oxford Blank Write On Binder Dividers, 1/5 Cut Tabs, 3 Hole Punch Dividers in 5 Tab Sets, 100 Dividers, 20 Sets, White (89981)</p><p> -5% 0FF </p><p>$15.19</p><a href="https://www.amazon.com/dp/B08WBYPVGJ?tag=eloabder-20&linkCode=osi&th=1&psc=1">View Product</a></div><div class="product"><a href="https://www.amazon.com/dp/B0CZL39ZHS?tag=eloabder-20&linkCode=osi&th=1&psc=1"><img src="https://m.media-amazon.com/images/I/41APO6LBeCL._SL500_.jpg" alt="Product Image"></a><p>Forvencer 8 Count Dividers with Two Pockets, 8 tabs Binder Dividers for 3 Ring Binder Organizer, Multicolor, 1 Set</p><p> -25% 0FF </p><p>$5.99</p><a href="https://www.amazon.com/dp/B0CZL39ZHS?tag=eloabder-20&linkCode=osi&th=1&psc=1">View Product</a></div><div class="product"><a href="https://www.amazon.com/dp/B01FKMCNL6?tag=eloabder-20&linkCode=osi&th=1&psc=1"><img src="https://m.media-amazon.com/images/I/510vgT9G85L._SL500_.jpg" alt="Product Image"></a><p>Avery Binder Dividers - 5-Tab Insertable Multicolor Big Tabs for Binders, 6 Sets of Dividers (11109)</p><p> -11% 0FF </p><p>$5.78</p><a href="https://www.amazon.com/dp/B01FKMCNL6?tag=eloabder-20&linkCode=osi&th=1&psc=1">View Product</a></div><div class="product"><a href="https://www.amazon.com/dp/B0CQ4YNHX8?tag=eloabder-20&linkCode=osi&th=1&psc=1"><img src="https://m.media-amazon.com/images/I/315hb+NtGGL._SL500_.jpg" alt="Product Image"></a><p>Binder Dividers for 3 Ring Binder, 1/5 Cut Tabs, Letter Size, Blank Write On Page Dividers with 5 Big Tabs for School Office Home, 4 Sets, 20 Dividers, White</p><p> -14% 0FF </p><p>$5.98</p><a href="https://www.amazon.com/dp/B0CQ4YNHX8?tag=eloabder-20&linkCode=osi&th=1&psc=1">View Product</a></div><div class="product"><a href="https://www.amazon.com/dp/B01HC4KIVW?tag=eloabder-20&linkCode=osi&th=1&psc=1"><img src="https://m.media-amazon.com/images/I/412g1OcKv-L._SL500_.jpg" alt="Product Image"></a><p>Avery Big Tab Write & Erase Durable Plastic Dividers for 3 Ring Binders, 8-Tab Set, Bright Multicolor, 1 Set (16130)</p><p> -23% 0FF </p><p>$4.33</p><a href="https://www.amazon.com/dp/B01HC4KIVW?tag=eloabder-20&linkCode=osi&th=1&psc=1">View Product</a></div><div class="product"><a href="https://www.amazon.com/dp/B0000AQOB0?tag=eloabder-20&linkCode=osi&th=1&psc=1"><img src="https://m.media-amazon.com/images/I/51ek4ZNke4L._SL500_.jpg" alt="Product Image"></a><p>Avery 12 Tab Dividers for 3 Ring Binders, Customizable Table of Contents, Multicolor Tabs, 6 Sets (11196)</p><p> -36% 0FF </p><p>$17.99</p><a href="https://www.amazon.com/dp/B0000AQOB0?tag=eloabder-20&linkCode=osi&th=1&psc=1">View Product</a></div>
<div class="product"><a href="https://www.amazon.com/dp/B07R795LTM?tag=eloabder-20&linkCode=osi&th=1&psc=1"><img src="https://m.media-amazon.com/images/I/31OAmU6E5kL._SL500_.jpg" alt="Product Image"></a><p>Amazon Basics Polypropylene (PP) Sheet Protector, Non-Glare, 200 Pack, Clear</p><p> -13% 0FF </p><p>$10.40</p><a href="https://www.amazon.com/dp/B07R795LTM?tag=eloabder-20&linkCode=osi&th=1&psc=1">View Product</a></div><div class="product"><a href="https://www.amazon.com/dp/B0D62ZBV24?tag=eloabder-20&linkCode=osi&th=1&psc=1"><img src="https://m.media-amazon.com/images/I/41n9XbYoyhL._SL500_.jpg" alt="Product Image"></a><p>Aegero 65 Pack Clear Sheet Protectors, 8.5 x 11 inch Page Protectors for 3 Ring Binder,Top Loading Paper Protector for Documents and Photos,Letter Size</p><p> -20% 0FF </p><p>$3.99</p><a href="https://www.amazon.com/dp/B0D62ZBV24?tag=eloabder-20&linkCode=osi&th=1&psc=1">View Product</a></div><div class="product"><a href="https://www.amazon.com/dp/B08CMG5MCB?tag=eloabder-20&linkCode=osi&th=1&psc=1"><img src="https://m.media-amazon.com/images/I/410BZVBSLLL._SL500_.jpg" alt="Product Image"></a><p>Sheet Protectors, PANDRI 500 Pack Clear Heavy Duty Plastic Page Protectors Sheet Reinforced 11-Hole Fit for 3 Ring Binder Fits Standard 8.5 x 11 Paper, 9.25 x 11.25 Top Loaded, Excluding Acid</p><p> -15% 0FF </p><p>$22.94</p><a href="https://www.amazon.com/dp/B08CMG5MCB?tag=eloabder-20&linkCode=osi&th=1&psc=1">View Product</a></div><div class="product"><a href="https://www.amazon.com/dp/B0DZ6J73VW?tag=eloabder-20&linkCode=osi&th=1&psc=1"><img src="https://m.media-amazon.com/images/I/41NNzcs8bsL._SL500_.jpg" alt="Product Image"></a><p>TUOKCALB 50 Pack Clear Sheet Protectors for 3 Ring Binder, Polypropylene Acid-Free Material, 8.5 x 11 Inch Letter Size, Protector of Your Documents</p><p> -18% 0FF </p><p>$3.29</p><a href="https://www.amazon.com/dp/B0DZ6J73VW?tag=eloabder-20&linkCode=osi&th=1&psc=1">View Product</a></div><div class="product"><a href="https://www.amazon.com/dp/B0D294F9GZ?tag=eloabder-20&linkCode=osi&th=1&psc=1"><img src="https://m.media-amazon.com/images/I/41szN7I4ozL._SL500_.jpg" alt="Product Image"></a><p>Sheet Protectors 8.5 x11 Inch, 100 Pack Page Protectors for 3 Ring Binder, Top Loading Plastic Sleeves with Reinforced 3-Hole Punch for Binders, Letter Size, for Documents and Photos, Office Supplies.</p><p> -23% 0FF </p><p>$9.99</p><a href="https://www.amazon.com/dp/B0D294F9GZ?tag=eloabder-20&linkCode=osi&th=1&psc=1">View Product</a></div><div class="product"><a href="https://www.amazon.com/dp/B0D59XF4D3?tag=eloabder-20&linkCode=osi&th=1&psc=1"><img src="https://m.media-amazon.com/images/I/41EpBhN87iL._SL500_.jpg" alt="Product Image"></a><p>DOSEWART 70Pack Sheet Protectors, Clear Heavy Duty Plastic Page Protectors for 3 Ring Binder, Top Loading Sheet Protectors 8.5 x 11” for Photo, Paper, Document Protector</p><p> -43% 0FF </p><p>$3.99</p><a href="https://www.amazon.com/dp/B0D59XF4D3?tag=eloabder-20&linkCode=osi&th=1&psc=1">View Product</a></div>
<div class="product"><a href="https://www.amazon.com/dp/B000T9MP5U?tag=eloabder-20&linkCode=osi&th=1&psc=1"><img src="https://m.media-amazon.com/images/I/41zOycTbMML._SL500_.jpg" alt="Product Image"></a><p>Mead #10 Security Business Envelopes Letter Size 4-1/8" x 9-1/2" – Peel and Seal, Privacy Lined, No-Window, Press-It Seal-It Self-Adhesive for Home & Office Mailing, 45 Count (75026)</p><p> -13% 0FF </p><p>$3.57</p><a href="https://www.amazon.com/dp/B000T9MP5U?tag=eloabder-20&linkCode=osi&th=1&psc=1">View Product</a></div><div class="product"><a href="https://www.amazon.com/dp/B06VVLD2GL?tag=eloabder-20&linkCode=osi&th=1&psc=1"><img src="https://m.media-amazon.com/images/I/11zBoWnx9uL._SL500_.jpg" alt="Product Image"></a><p>Amazon Basics 10 Security-Tinted Self-Seal Business Letter Envelopes, Peel & Seal Adhesive Closure, White, 500-Pack</p><p> -5% 0FF </p><p>$18.04</p><a href="https://www.amazon.com/dp/B06VVLD2GL?tag=eloabder-20&linkCode=osi&th=1&psc=1">View Product</a></div><div class="product"><a href="https://www.amazon.com/dp/B07FMDV5LR?tag=eloabder-20&linkCode=osi&th=1&psc=1"><img src="https://m.media-amazon.com/images/I/41jTu3FDgaL._SL500_.jpg" alt="Product Image"></a><p>Quality Park #6 3/4 Self-Seal Security Envelopes, Security Tint and Pattern, Redi-Strip Closure, 24-lb White Wove, 3-5/8 x 6-1/2, 100/Box (QUA10417)</p><p> -23% 0FF </p><p>$4.99</p><a href="https://www.amazon.com/dp/B07FMDV5LR?tag=eloabder-20&linkCode=osi&th=1&psc=1">View Product</a></div>
<div class="product"><a href="https://www.amazon.com/dp/B00004Z5SM?tag=eloabder-20&linkCode=osi&th=1&psc=1"><img src="https://m.media-amazon.com/images/I/41LHX+FB2PL._SL500_.jpg" alt="Product Image"></a><p>Avery Easy Peel Printable Address Labels with Sure Feed, 1" x 2-5/8" Customizable Stickers, White, 750 Blank Mailing Labels, Great for Mailing, Shipping, and More (8160)</p><p> -48% 0FF </p><p>$8.99</p><a href="https://www.amazon.com/dp/B00004Z5SM?tag=eloabder-20&linkCode=osi&th=1&psc=1">View Product</a></div><div class="product"><a href="https://www.amazon.com/dp/B089LHX8Q6?tag=eloabder-20&linkCode=osi&th=1&psc=1"><img src="https://m.media-amazon.com/images/I/41+HcHENwbL._SL500_.jpg" alt="Product Image"></a><p>KKBESTPACK Half Sheet Shipping Labels for Laser and Inkjet Printers – 2 Per Page Self Adhesive Mailing Labels – White 8.5 x 5.5 (200 Labels) (2LP)</p><p> -10% 0FF </p><p>$9.86</p><a href="https://www.amazon.com/dp/B089LHX8Q6?tag=eloabder-20&linkCode=osi&th=1&psc=1">View Product</a></div><div class="product"><a href="https://www.amazon.com/dp/B001SN8ITI?tag=eloabder-20&linkCode=osi&th=1&psc=1"><img src="https://m.media-amazon.com/images/I/51vJip236KL._SL500_.jpg" alt="Product Image"></a><p>Avery Easy Peel Printable Address Labels with Sure Feed, 1" x 2-5/8" Customizable Stickers, White, 300 Blank Mailing Labels, Great for Mailing, Shipping, and More (18160)</p><p> -38% 0FF </p><p>$5.54</p><a href="https://www.amazon.com/dp/B001SN8ITI?tag=eloabder-20&linkCode=osi&th=1&psc=1">View Product</a></div><div class="product"><a href="https://www.amazon.com/dp/B0C2P8YTW2?tag=eloabder-20&linkCode=osi&th=1&psc=1"><img src="https://m.media-amazon.com/images/I/51EeHFqmTKL._SL500_.jpg" alt="Product Image"></a><p>FungLam 1" x 2-5/8" Shipping Address Labels 900 Label Stickers Paper for Laser/Inkjet Printer 30 per Page Printable Mailing Labels (30 Sheets, 900 Labels)</p><p> -25% 0FF </p><p>$5.99</p><a href="https://www.amazon.com/dp/B0C2P8YTW2?tag=eloabder-20&linkCode=osi&th=1&psc=1">View Product</a></div>
<div class="product"><a href="https://www.amazon.com/dp/B07X41JJXB?tag=eloabder-20&linkCode=osi&th=1&psc=1"><img src="https://m.media-amazon.com/images/I/31V4rpfdGtL._SL500_.jpg" alt="Product Image"></a><p>KKBESTPACK 100 Large Poly Mailers 10x13 Shipping Bags for Small Business – Self Sealing Package Envelopes (10 x 13 Pack of 100, Black)</p><p> -10% 0FF </p><p>$8.94 ($0.09 / Count)</p><a href="https://www.amazon.com/dp/B07X41JJXB?tag=eloabder-20&linkCode=osi&th=1&psc=1">View Product</a></div><div class="product"><a href="https://www.amazon.com/dp/B08C9T3997?tag=eloabder-20&linkCode=osi&th=1&psc=1"><img src="https://m.media-amazon.com/images/I/41CMEDIsQEL._SL500_.jpg" alt="Product Image"></a><p>Anylabel 2" x 3" Fragile Stickers for Shipping and Moving Please Handle with Care Fragile Thank You Do Not Drop, Warning Stickers Fragile Labels, Permanent Adhesive(500 Labels, 1 Roll)</p><p> -33% 0FF </p><p>$5.99</p><a href="https://www.amazon.com/dp/B08C9T3997?tag=eloabder-20&linkCode=osi&th=1&psc=1">View Product</a></div>

<div class="product"><a href="https://www.amazon.com/dp/B07S1JPBL3?tag=eloabder-20&linkCode=osi&th=1&psc=1"><img src="https://m.media-amazon.com/images/I/31f-QQIYroL._SL500_.jpg" alt="Product Image"></a><p>Amazon Basics Bubble Cushioning Wrap Packing Material for Fragile Items, Perforated, 12 inch x 175 ft Long Roll, Small 3/16", Clear</p><p> -6% 0FF </p><p>$21.99</p><a href="https://www.amazon.com/dp/B07S1JPBL3?tag=eloabder-20&linkCode=osi&th=1&psc=1">View Product</a></div><div class="product"><a href="https://www.amazon.com/dp/B0829D1D7V?tag=eloabder-20&linkCode=osi&th=1&psc=1"><img src="https://m.media-amazon.com/images/I/41azI2zaEYL._SL500_.jpg" alt="Product Image"></a><p>Bubble Cushioning Wrap Rolls, 3/16" x 12" x 72' ft Total [2 Rolls of 36 Feet] Perforated Every 12", 20 Fragile Stickers for Packaging, Shipping, Mailing</p><p> -14% 0FF </p><p>$18.99 ($9.50 / Count)</p><a href="https://www.amazon.com/dp/B0829D1D7V?tag=eloabder-20&linkCode=osi&th=1&psc=1">View Product</a></div><div class="product"><a href="https://www.amazon.com/dp/B011TB3UF0?tag=eloabder-20&linkCode=osi&th=1&psc=1"><img src="https://m.media-amazon.com/images/I/413RZYGr8kL._SL500_.jpg" alt="Product Image"></a><p>Duck Brand Bubble Wrap Original Protective Packaging, 12 Inches Wide x 30-Feet Long, Single Roll (393251), Clear</p><p> -26% 0FF </p><p>$8.85 ($0.30 / Sq Ft)</p><a href="https://www.amazon.com/dp/B011TB3UF0?tag=eloabder-20&linkCode=osi&th=1&psc=1">View Product</a></div>
<div class="product"><a href="https://www.amazon.com/dp/B016CV811U?tag=eloabder-20&linkCode=osi&th=1&psc=1"><img src="https://m.media-amazon.com/images/I/21hieSulLcL._SL500_.jpg" alt="Product Image"></a><p>MFLABEL Half Sheet Shipping Labels - 200 Self Adhesive Sticker Sheets for Laser & Inkjet Printers, Waterproof & Smudge-Free, with 12 Free Fragile Labels for Packaging, Shipping and Crafting</p><p> -5% 0FF </p><p>$9.49</p><a href="https://www.amazon.com/dp/B016CV811U?tag=eloabder-20&linkCode=osi&th=1&psc=1">View Product</a></div><div class="product"><a href="https://www.amazon.com/dp/B000093IJY?tag=eloabder-20&linkCode=osi&th=1&psc=1"><img src="https://m.media-amazon.com/images/I/51QdWTqr3AL._SL500_.jpg" alt="Product Image"></a><p>Avery Printable Shipping Labels with Sure Feed, 3-1/3" x 4", White, 150 Blank Mailing Labels (5264)</p><p> -20% 0FF </p><p>$13.62</p><a href="https://www.amazon.com/dp/B000093IJY?tag=eloabder-20&linkCode=osi&th=1&psc=1">View Product</a></div>
<div class="product"><a href="https://www.amazon.com/dp/B0B41X9SMT?tag=eloabder-20&linkCode=osi&th=1&psc=1"><img src="https://m.media-amazon.com/images/I/41CPFzKfW6L._SL500_.jpg" alt="Product Image"></a><p>Primy Drafting Chair Tall Office Chair with Flip-up Armrests Executive Ergonomic Computer Standing Desk Chair with Lumbar Support and Adjustable Footrest Ring (Black)</p><p> -16% 0FF </p><p>$108.96</p><a href="https://www.amazon.com/dp/B0B41X9SMT?tag=eloabder-20&linkCode=osi&th=1&psc=1">View Product</a></div><div class="product"><a href="https://www.amazon.com/dp/B0BFQX3YFY?tag=eloabder-20&linkCode=osi&th=1&psc=1"><img src="https://m.media-amazon.com/images/I/51+-fixEMUL._SL500_.jpg" alt="Product Image"></a><p>BlissTrends Foot Rest for Under Desk at Work-Versatile Foot Stool with Washable Cover-Comfortable Footrest with 2 Adjustable Heights for Car,Home and Office to Relieve Back,Lumbar,Knee Pain-Black</p><p> -39% 0FF </p><p>$18.99</p><a href="https://www.amazon.com/dp/B0BFQX3YFY?tag=eloabder-20&linkCode=osi&th=1&psc=1">View Product</a></div>
<div class="product"><a href="https://www.amazon.com/dp/B0CT8ZJ7ZC?tag=eloabder-20&linkCode=osi&th=1&psc=1"><img src="https://m.media-amazon.com/images/I/311UeVa48fL._SL500_.jpg" alt="Product Image"></a><p>HP OfficeJet Pro 8125e Wireless All-in-One Color Inkjet Printer, Print, scan, Copy, ADF, Duplex Printing Best-for-Home Office, 3 Month Instant Ink Trial Included, AI-Enabled (405T6A)</p><p> -21% 0FF </p><p>$109.99</p><a href="https://www.amazon.com/dp/B0CT8ZJ7ZC?tag=eloabder-20&linkCode=osi&th=1&psc=1">View Product</a></div><div class="product"><a href="https://www.amazon.com/dp/B0F1NJ75D5?tag=eloabder-20&linkCode=osi&th=1&psc=1"><img src="https://m.media-amazon.com/images/I/31pX+mOBu5L._SL500_.jpg" alt="Product Image"></a><p>HP DeskJet 2827e Wireless All-in-One Color Inkjet Printer, Scanner, Copier, Best-for-Home, 3 Month Instant Ink Trial Included, AI-Enabled (6W7F5A)</p><p> -41% 0FF </p><p>$49.99</p><a href="https://www.amazon.com/dp/B0F1NJ75D5?tag=eloabder-20&linkCode=osi&th=1&psc=1">View Product</a></div><div class="product"><a href="https://www.amazon.com/dp/B096N8DN2H?tag=eloabder-20&linkCode=osi&th=1&psc=1"><img src="https://m.media-amazon.com/images/I/316Ru3Zv4bL._SL500_.jpg" alt="Product Image"></a><p>Epson EcoTank ET-2800 Wireless Color All-in-One Cartridge-Free Supertank Printer with Scan and Copy â€“ The Ideal Basic Home Printer - Black, Medium</p><p> -25% 0FF </p><p>$179.99</p><a href="https://www.amazon.com/dp/B096N8DN2H?tag=eloabder-20&linkCode=osi&th=1&psc=1">View Product</a></div><div class="product"><a href="https://www.amazon.com/dp/B0FGC43YCL?tag=eloabder-20&linkCode=osi&th=1&psc=1"><img src="https://m.media-amazon.com/images/I/41LqmhjzXHL._SL500_.jpg" alt="Product Image"></a><p>Brother Work Smart 1360 Wireless Color Inkjet All-in-One Printer with Automatic Duplex Printing and 1.8” Color Display | Includes Refresh Subscription Trial(1) (MFC-J1360DW) (Uses LC501 Series Inks)</p><p> -18% 0FF </p><p>$89.99</p><a href="https://www.amazon.com/dp/B0FGC43YCL?tag=eloabder-20&linkCode=osi&th=1&psc=1">View Product</a></div><div class="product"><a href="https://www.amazon.com/dp/B0D1DV6FV5?tag=eloabder-20&linkCode=osi&th=1&psc=1"><img src="https://m.media-amazon.com/images/I/31-ZgpCGxiL._SL500_.jpg" alt="Product Image"></a><p>Canon PIXMA TS3720 Wireless All-in-One Printer (6671C022)</p><p> -38% 0FF </p><p>$54.00</p><a href="https://www.amazon.com/dp/B0D1DV6FV5?tag=eloabder-20&linkCode=osi&th=1&psc=1">View Product</a></div><div class="product"><a href="https://www.amazon.com/dp/B0BSMSYM9N?tag=eloabder-20&linkCode=osi&th=1&psc=1"><img src="https://m.media-amazon.com/images/I/31jPKfRqWSL._SL500_.jpg" alt="Product Image"></a><p>Canon MegaTank G3270 All-in-One Wireless Inkjet Printer. for Home Use, Print, Scan and Copy</p><p> -36% 0FF </p><p>$159.99</p><a href="https://www.amazon.com/dp/B0BSMSYM9N?tag=eloabder-20&linkCode=osi&th=1&psc=1">View Product</a></div>
<div class="product"><a href="https://www.amazon.com/dp/B0010JEJPC?tag=eloabder-20&linkCode=osi&th=1&psc=1"><img src="https://m.media-amazon.com/images/I/41O8Dj93QSL._SL500_.jpg" alt="Product Image"></a><p>Scotch TL901X Thermal Laminator, 1 Laminating Machine, Gray, Laminate School Assignments and Documents, for Dorm Room or School Supplies, 9 in.</p><p> -8% 0FF </p><p>$36.67</p><a href="https://www.amazon.com/dp/B0010JEJPC?tag=eloabder-20&linkCode=osi&th=1&psc=1">View Product</a></div><div class="product"><a href="https://www.amazon.com/dp/B0FRY6Z23J?tag=eloabder-20&linkCode=osi&th=1&psc=1"><img src="https://m.media-amazon.com/images/I/510BRY6bwzL._SL500_.jpg" alt="Product Image"></a><p>A3 Laminator Machine,13 Inch 9-in-1 Laminating Machine with Laminating Sheets,Thermal Laminator Hot & Cold with Fast Warm Technology for Home,Office or School Supplies(Black)</p><p> -80% 0FF </p><p>$49.99</p><a href="https://www.amazon.com/dp/B0FRY6Z23J?tag=eloabder-20&linkCode=osi&th=1&psc=1">View Product</a></div><div class="product"><a href="https://www.amazon.com/dp/B00CLV8ZIU?tag=eloabder-20&linkCode=osi&th=1&psc=1"><img src="https://m.media-amazon.com/images/I/414Ubx6GcML._SL500_.jpg" alt="Product Image"></a><p>Scotch PRO TL906 Thermal, Laminator Machine, 1 Laminating Device, White/Blue, Laminate Recipe Cards, Photos, Documents, for Home, Office, or School Supplies, 9 in</p><p> -42% 0FF </p><p>$43.80</p><a href="https://www.amazon.com/dp/B00CLV8ZIU?tag=eloabder-20&linkCode=osi&th=1&psc=1">View Product</a></div><div class="product"><a href="https://www.amazon.com/dp/B0CGC1WTV1?tag=eloabder-20&linkCode=osi&th=1&psc=1"><img src="https://m.media-amazon.com/images/I/41znZqCgzkL._SL500_.jpg" alt="Product Image"></a><p>Scotch Thermal Laminator, Extra Wide 13 Inch Input, Ideal for Teachers, Small Offices, or Home (TL1302X)</p><p> -24% 0FF </p><p>$47.58</p><a href="https://www.amazon.com/dp/B0CGC1WTV1?tag=eloabder-20&linkCode=osi&th=1&psc=1">View Product</a></div><div class="product"><a href="https://www.amazon.com/dp/B0FFSRRYQQ?tag=eloabder-20&linkCode=osi&th=1&psc=1"><img src="https://m.media-amazon.com/images/I/41n+2Vb8m2L._SL500_.jpg" alt="Product Image"></a><p>Laminator Machine, A4 Laminators Hot & Cold with 20 Laminating Sheets and Trimmer, 9 Inch Laminating Machine for Office, School, Business and Home</p><p> -57% 0FF </p><p>$29.99</p><a href="https://www.amazon.com/dp/B0FFSRRYQQ?tag=eloabder-20&linkCode=osi&th=1&psc=1">View Product</a></div><div class="product"><a href="https://www.amazon.com/dp/B007VBXB48?tag=eloabder-20&linkCode=osi&th=1&psc=1"><img src="https://m.media-amazon.com/images/I/41h-uQWFewL._SL500_.jpg" alt="Product Image"></a><p>Scotch Thermal Laminating Pouches, for Use with Thermal Laminators, 8.9 x 11.4 Inches, Letter Size Sheets, 100-Pack</p><p> -43% 0FF </p><p>$11.37</p><a href="https://www.amazon.com/dp/B007VBXB48?tag=eloabder-20&linkCode=osi&th=1&psc=1">View Product</a></div>
<div class="product"><a href="https://www.amazon.com/dp/B0CZP66BTJ?tag=eloabder-20&linkCode=osi&th=1&psc=1"><img src="https://m.media-amazon.com/images/I/410wj1x5eIL._SL500_.jpg" alt="Product Image"></a><p>Sweetcrispy Ergonomic Office Chair Heavy Duty Task Desk Chair with Flip-up Arms, PU Leather, Adjustable Swivel Rolling Chair with Wheels, Beige</p><p> -18% 0FF </p><p>$89.99</p><a href="https://www.amazon.com/dp/B0CZP66BTJ?tag=eloabder-20&linkCode=osi&th=1&psc=1">View Product</a></div><div class="product"><a href="https://www.amazon.com/dp/B00OCSNMO2?tag=eloabder-20&linkCode=osi&th=1&psc=1"><img src="https://m.media-amazon.com/images/I/41ZHAgGzr3L._SL500_.jpg" alt="Product Image"></a><p>Staples Hyken Ergonomic Swivel Task Chair, Adjustable Office Chair with Breathable Mesh and Lumbar Support, Perfect for Home and Office, Black</p><p> -7% 0FF </p><p>$129.99</p><a href="https://www.amazon.com/dp/B00OCSNMO2?tag=eloabder-20&linkCode=osi&th=1&psc=1">View Product</a></div><div class="product"><a href="https://www.amazon.com/dp/B0DXKCKPJG?tag=eloabder-20&linkCode=osi&th=1&psc=1"><img src="https://m.media-amazon.com/images/I/41HHOkCkcsL._SL500_.jpg" alt="Product Image"></a><p>Sweetcrispy Executive Home Office Desk Chair - Ergonomic Big Tall High Back with Footrest & Lumbar Support, Reclining Height Adjustable, Comfy PU Leather Computer Gaming with Swivel Wheels, White</p><p> -9% 0FF </p><p>$182.96</p><a href="https://www.amazon.com/dp/B0DXKCKPJG?tag=eloabder-20&linkCode=osi&th=1&psc=1">View Product</a></div><div class="product"><a href="https://www.amazon.com/dp/B0BHY5C5PC?tag=eloabder-20&linkCode=osi&th=1&psc=1"><img src="https://m.media-amazon.com/images/I/410TtD7nw9L._SL500_.jpg" alt="Product Image"></a><p>NEO CHAIR Office Desk Computer Chair Ergonomic Executive Mid-Back Leather Gaming Chair with Adjustable Flip-Up Armrests Wheels Swivel for Home Study Task (Jet Black)</p><p> -30% 0FF </p><p>$69.98</p><a href="https://www.amazon.com/dp/B0BHY5C5PC?tag=eloabder-20&linkCode=osi&th=1&psc=1">View Product</a></div>
<div class="product"><a href="https://www.amazon.com/dp/B08P3YVH3X?tag=eloabder-20&linkCode=osi&th=1&psc=1"><img src="https://m.media-amazon.com/images/I/41rW4JApydL._SL500_.jpg" alt="Product Image"></a><p>Epson Workforce ES-400 II Color Duplex Desktop Document Scanner for PC and Mac, with Auto Document Feeder (ADF) and Image Adjustment Tools, ES-400 II</p><p> -21% 0FF </p><p>$299.99</p><a href="https://www.amazon.com/dp/B08P3YVH3X?tag=eloabder-20&linkCode=osi&th=1&psc=1">View Product</a></div><div class="product"><a href="https://www.amazon.com/dp/B0F9B1H5VN?tag=eloabder-20&linkCode=osi&th=1&psc=1"><img src="https://m.media-amazon.com/images/I/41HifuXRYEL._SL500_.jpg" alt="Product Image"></a><p>ScanSnap iX2500 Wireless or USB High-Speed Cloud Enabled Document, Photo & Receipt Scanner with Large 5" Touchscreen and 100 Page Auto Document Feeder for Mac or PC, Black</p><p> -7% 0FF </p><p>$419.99</p><a href="https://www.amazon.com/dp/B0F9B1H5VN?tag=eloabder-20&linkCode=osi&th=1&psc=1">View Product</a></div><div class="product"><a href="https://www.amazon.com/dp/B07KQZWPYN?tag=eloabder-20&linkCode=osi&th=1&psc=1"><img src="https://m.media-amazon.com/images/I/21Ae0eJDWsL._SL500_.jpg" alt="Product Image"></a><p>Epson WorkForce ES-50 Portable Sheet-Fed Document Scanner for PC and Mac</p><p> -18% 0FF </p><p>$129.99</p><a href="https://www.amazon.com/dp/B07KQZWPYN?tag=eloabder-20&linkCode=osi&th=1&psc=1">View Product</a></div><div class="product"><a href="https://www.amazon.com/dp/B0C364K1SC?tag=eloabder-20&linkCode=osi&th=1&psc=1"><img src="https://m.media-amazon.com/images/I/41LKHn9dimL._SL500_.jpg" alt="Product Image"></a><p>Epson Perfection V19 II Color Photo and Document Flatbed Scanner with 4800 dpi Optical Resolution, USB Power and High-Rise, Removable Lid</p><p> -10% 0FF </p><p>$89.99</p><a href="https://www.amazon.com/dp/B0C364K1SC?tag=eloabder-20&linkCode=osi&th=1&psc=1">View Product</a></div><div class="product"><a href="https://www.amazon.com/dp/B09FX5SRQT?tag=eloabder-20&linkCode=osi&th=1&psc=1"><img src="https://m.media-amazon.com/images/I/41VnXqJ86dL._SL500_.jpg" alt="Product Image"></a><p>ScanSnap iX1300 Compact Wireless or USB Double-Sided Color Document, Photo & Receipt Scanner with Auto Document Feeder and Manual Feeder for Mac or PC, Black</p><p> -20% 0FF </p><p>$279.99</p><a href="https://www.amazon.com/dp/B09FX5SRQT?tag=eloabder-20&linkCode=osi&th=1&psc=1">View Product</a></div><div class="product"><a href="https://www.amazon.com/dp/B08P3ZT5WH?tag=eloabder-20&linkCode=osi&th=1&psc=1"><img src="https://m.media-amazon.com/images/I/410lohpNzaL._SL500_.jpg" alt="Product Image"></a><p>Epson Workforce ES-580W Wireless Color Duplex Desktop Document Scanner for PC and Mac with 100-sheet Auto Document Feeder (ADF) and Intuitive 4.3" Touchscreen</p><p> -20% 0FF </p><p>$359.99</p><a href="https://www.amazon.com/dp/B08P3ZT5WH?tag=eloabder-20&linkCode=osi&th=1&psc=1">View Product</a></div>
<div class="product"><a href="https://www.amazon.com/dp/B086BLQZ5L?tag=eloabder-20&linkCode=osi&th=1&psc=1"><img src="https://m.media-amazon.com/images/I/411bezC-CcL._SL500_.jpg" alt="Product Image"></a><p>Aothia Non-Slip Waterproof PU Leather Desk Pad Protector for Mouse, Writing Desk, Office, Home, Laptop Blotter, 23.6" x 13.7", Black</p><p> -29% 0FF </p><p>$9.99</p><a href="https://www.amazon.com/dp/B086BLQZ5L?tag=eloabder-20&linkCode=osi&th=1&psc=1">View Product</a></div><div class="product"><a href="https://www.amazon.com/dp/B0BYDZQY2K?tag=eloabder-20&linkCode=osi&th=1&psc=1"><img src="https://m.media-amazon.com/images/I/41QEEnkGx9L._SL500_.jpg" alt="Product Image"></a><p>Large Desk Mat 47.2" x 17" Leather Desk Pad Protector with Natural Cork & PU Leather, Non-Slip Office Desk Mat, Large Mouse Pad, Waterproof Desk Blotter pad for Office&Home(Black)</p><p> -20% 0FF </p><p>$19.99</p><a href="https://www.amazon.com/dp/B0BYDZQY2K?tag=eloabder-20&linkCode=osi&th=1&psc=1">View Product</a></div>
<div class="product"><a href="https://www.amazon.com/dp/B0B1YH7KWF?tag=eloabder-20&linkCode=osi&th=1&psc=1"><img src="https://m.media-amazon.com/images/I/411u5AKKl5L._SL500_.jpg" alt="Product Image"></a><p>Gannyfer Desk Shelf Organizer - Wood Desktop Shelf, Freestanding Desk Hutch Office Decor, 3 Tier Storage Display Rack, Small Bookshelf with Metal Frame for Books/Plants/Toys (Rustic Brown Black)</p><p> -11% 0FF </p><p>$24.99</p><a href="https://www.amazon.com/dp/B0B1YH7KWF?tag=eloabder-20&linkCode=osi&th=1&psc=1">View Product</a></div><div class="product"><a href="https://www.amazon.com/dp/B0F6T1GLFL?tag=eloabder-20&linkCode=osi&th=1&psc=1"><img src="https://m.media-amazon.com/images/I/51W7EISrFML._SL500_.jpg" alt="Product Image"></a><p>Mooliwe 57 Pcs Plant Bulletin Board Set Inspirational Flower Bulletin Board Decoration Positive Cutout Classroom Decoration for School Office Home Teacher Classroom Wall Supplies</p><p> -29% 0FF </p><p>$11.99</p><a href="https://www.amazon.com/dp/B0F6T1GLFL?tag=eloabder-20&linkCode=osi&th=1&psc=1">View Product</a></div><div class="product"><a href="https://www.amazon.com/dp/B0B2J4LXRP?tag=eloabder-20&linkCode=osi&th=1&psc=1"><img src="https://m.media-amazon.com/images/I/51WaA9sEIDL._SL500_.jpg" alt="Product Image"></a><p>Geyee 8 Pieces Cactus Funny Notepads Plant Memo Pads Office Supplies Cute Novelty Lined Notepad Desk List Notepad for Teacher Studying School Home Travel Rewards, 4 x 6 Inches</p><p> -10% 0FF </p><p>$8.99</p><a href="https://www.amazon.com/dp/B0B2J4LXRP?tag=eloabder-20&linkCode=osi&th=1&psc=1">View Product</a></div><div class="product"><a href="https://www.amazon.com/dp/B0CZDCM3Z9?tag=eloabder-20&linkCode=osi&th=1&psc=1"><img src="https://m.media-amazon.com/images/I/41-EfcsSuyL._SL500_.jpg" alt="Product Image"></a><p>YMYNY Desktop Shelf Organizer, 4 Tier Storage Display Rack, Desk Shelf Organizer Small Bookshelf with Metal Frame for Office, Books, Plants, 12.2" x 9.45" x 17.52", Rustic Brown Black UHSR007H</p><p> -11% 0FF </p><p>$26.69</p><a href="https://www.amazon.com/dp/B0CZDCM3Z9?tag=eloabder-20&linkCode=osi&th=1&psc=1">View Product</a></div>



<div class="product"><a href="https://www.amazon.com/dp/B0033J6V3A?tag=eloabder-20&linkCode=osi&th=1&psc=1"><img src="https://m.media-amazon.com/images/I/21o5ASbichL._SL500_.jpg" alt="Product Image"></a><p>NuSparc 2 Drawer Locking Filing Cabinet | Pre-Assembled Steel Construction | Space-Saving Design is Perfect for Home and Small Office | Letter-Size | Assembled in North America</p><p> -14% 0FF </p><p>$76.99</p><a href="https://www.amazon.com/dp/B0033J6V3A?tag=eloabder-20&linkCode=osi&th=1&psc=1">View Product</a></div><div class="product"><a href="https://www.amazon.com/dp/B0D9XYD75W?tag=eloabder-20&linkCode=osi&th=1&psc=1"><img src="https://m.media-amazon.com/images/I/31VM3xK++PL._SL500_.jpg" alt="Product Image"></a><p>BYNSOE 2 Drawer File Cabinet with Lock Vertical Filing Storage Cabinet Office Home Steel Vertical File Cabinets for Letter Size File Cabinet Locked,Assembly Required</p><p> -8% 0FF </p><p>$54.99</p><a href="https://www.amazon.com/dp/B0D9XYD75W?tag=eloabder-20&linkCode=osi&th=1&psc=1">View Product</a></div><div class="product"><a href="https://www.amazon.com/dp/B0989HLF81?tag=eloabder-20&linkCode=osi&th=1&psc=1"><img src="https://m.media-amazon.com/images/I/51vzgnkbcjL._SL500_.jpg" alt="Product Image"></a><p>DEVAISE 3 Drawer Mobile File Cabinet, Wood Lateral Filing Cabinet, Printer Stand with Open Shelves for Home Office, Rustic Brown</p><p> -21% 0FF </p><p>$74.99</p><a href="https://www.amazon.com/dp/B0989HLF81?tag=eloabder-20&linkCode=osi&th=1&psc=1">View Product</a></div>
<div class="product"><a href="https://www.amazon.com/dp/B00006RSQD?tag=eloabder-20&linkCode=osi&th=1&psc=1"><img src="https://m.media-amazon.com/images/I/315rez3KpeL._SL500_.jpg" alt="Product Image"></a><p>Bush Business Furniture Series C 36W Tall 5 Shelf Bookcase in Hansen Cherry, Large Storage and Display Bookshelf for Home or Professional Office</p><p> -8% 0FF </p><p>$239.49</p><a href="https://www.amazon.com/dp/B00006RSQD?tag=eloabder-20&linkCode=osi&th=1&psc=1">View Product</a></div>
<div class="product"><a href="https://www.amazon.com/dp/B09F6JPYSY?tag=eloabder-20&linkCode=osi&th=1&psc=1"><img src="https://m.media-amazon.com/images/I/51fGLH7lhHL._SL500_.jpg" alt="Product Image"></a><p>SPACELEAD Slim Storage Cart 3 Tier,Bathroom Organizer Rolling Utility,Mobile Shelving Unit Slide Out for Office, Kitchen, Laundry Room & Narrow Places,Black</p><p> -30% 0FF </p><p>$20.99</p><a href="https://www.amazon.com/dp/B09F6JPYSY?tag=eloabder-20&linkCode=osi&th=1&psc=1">View Product</a></div><div class="product"><a href="https://www.amazon.com/dp/B08KFTVGQY?tag=eloabder-20&linkCode=osi&th=1&psc=1"><img src="https://m.media-amazon.com/images/I/51BjUEmGaiL._SL500_.jpg" alt="Product Image"></a><p>SONGMICS Cube Storage Organizer, Set of 16 Plastic Cubes, Closet Organizers and Storage, Room Organization, Bedroom Living Room, 12.2 x 48.4 x 48.4 Inches, Rustic Brown ULPC442A01</p><p> -15% 0FF </p><p>$46.99</p><a href="https://www.amazon.com/dp/B08KFTVGQY?tag=eloabder-20&linkCode=osi&th=1&psc=1">View Product</a></div><div class="product"><a href="https://www.amazon.com/dp/B0DG359YX5?tag=eloabder-20&linkCode=osi&th=1&psc=1"><img src="https://m.media-amazon.com/images/I/41OBXL4HJdL._SL500_.jpg" alt="Product Image"></a><p>VIVO Clamp-on 13 inch Above or Below Desk 2-Tier Shelving Unit for Table Accessories, Gaming Devices, and More, Storage Tray, Desktop Organizer, Rustic Vintage Brown, STAND-SHELF2C-N</p><p> -20% 0FF </p><p>$39.99</p><a href="https://www.amazon.com/dp/B0DG359YX5?tag=eloabder-20&linkCode=osi&th=1&psc=1">View Product</a></div><div class="product"><a href="https://www.amazon.com/dp/B0D7S5GGP6?tag=eloabder-20&linkCode=osi&th=1&psc=1"><img src="https://m.media-amazon.com/images/I/51EriWG2BLL._SL500_.jpg" alt="Product Image"></a><p>C&AHOME Wire Cube Storage, 9 - Cube Organizer Metal C Grids, Modular Shelves Units, Closet Organizer, Ideal for Home, Office, Living Room, 36.6”L x 12.4”W x 48.4”H, Silver Gray UWCS3009G</p><p> -33% 0FF </p><p>$28.87</p><a href="https://www.amazon.com/dp/B0D7S5GGP6?tag=eloabder-20&linkCode=osi&th=1&psc=1">View Product</a></div>
<div class="product"><a href="https://www.amazon.com/dp/B0B1M6ML2J?tag=eloabder-20&linkCode=osi&th=1&psc=1"><img src="https://m.media-amazon.com/images/I/51pX2Qo38JL._SL500_.jpg" alt="Product Image"></a><p>WOWBOX 25 PCS Clear Plastic Drawer Organizer Set, 4 Sizes Desk Drawer Divider Organizers and Storage Bins for Makeup, Jewelry, Gadgets for Kitchen, Bedroom, Bathroom, Office</p><p> -35% 0FF </p><p>$16.13 ($0.65 / Count)</p><a href="https://www.amazon.com/dp/B0B1M6ML2J?tag=eloabder-20&linkCode=osi&th=1&psc=1">View Product</a></div><div class="product"><a href="https://www.amazon.com/dp/B0DB8F7GDN?tag=eloabder-20&linkCode=osi&th=1&psc=1"><img src="https://m.media-amazon.com/images/I/51iOtKHzvCL._SL500_.jpg" alt="Product Image"></a><p>OPNICE Desk Organizer and Accessories, 2-Tier Computer Monitor Stand Riser with Drawer and 2 Pen Holders, Laptop Stand, Office Desk Accessories for Office Supplies, Black</p><p> -27% 0FF </p><p>$21.99</p><a href="https://www.amazon.com/dp/B0DB8F7GDN?tag=eloabder-20&linkCode=osi&th=1&psc=1">View Product</a></div><div class="product"><a href="https://www.amazon.com/dp/B0FQ86P4M3?tag=eloabder-20&linkCode=osi&th=1&psc=1"><img src="https://m.media-amazon.com/images/I/41ZDdyGnPxL._SL500_.jpg" alt="Product Image"></a><p>Mind Reader 2-Tier Desk Organizer with Clamp, Accessory Shelf for Office or Gaming, Office, Metal, White</p><p> -5% 0FF </p><p>$37.99</p><a href="https://www.amazon.com/dp/B0FQ86P4M3?tag=eloabder-20&linkCode=osi&th=1&psc=1">View Product</a></div><div class="product"><a href="https://www.amazon.com/dp/B0BYDGF8DT?tag=eloabder-20&linkCode=osi&th=1&psc=1"><img src="https://m.media-amazon.com/images/I/51sE2GzgVNL._SL500_.jpg" alt="Product Image"></a><p>OPNICE Desk Organizer and Accessories, 4-Tier Desktop File Organizer with Drawer and 2 Pen Holders, Office Desk Accessories, Workspace Organizers for Office Supplies(Black)</p><p> -33% 0FF </p><p>$19.99</p><a href="https://www.amazon.com/dp/B0BYDGF8DT?tag=eloabder-20&linkCode=osi&th=1&psc=1">View Product</a></div><div class="product"><a href="https://www.amazon.com/dp/B0DJKSMV2T?tag=eloabder-20&linkCode=osi&th=1&psc=1"><img src="https://m.media-amazon.com/images/I/41gO3CCIg1L._SL500_.jpg" alt="Product Image"></a><p>gianotter Dual Monitor Stand Riser, Desk Organizer With Drawer and 2 Pen Holders, Computer Monitor Stand, Shelf for Top of Desk, Black</p><p> -28% 0FF </p><p>$25.99</p><a href="https://www.amazon.com/dp/B0DJKSMV2T?tag=eloabder-20&linkCode=osi&th=1&psc=1">View Product</a></div><div class="product"><a href="https://www.amazon.com/dp/B0BWTT3WK1?tag=eloabder-20&linkCode=osi&th=1&psc=1"><img src="https://m.media-amazon.com/images/I/51JTe2SjicL._SL500_.jpg" alt="Product Image"></a><p>gianotter Desk Organizers and Accessories with File Holder, 4-Tier Desk Accessories & Workspace Organizers with Drawer and 2 Pen Holder, Paper Organizer for Office Supplies (Rose Gold)</p><p> -27% 0FF </p><p>$23.99</p><a href="https://www.amazon.com/dp/B0BWTT3WK1?tag=eloabder-20&linkCode=osi&th=1&psc=1">View Product</a></div><div class="product"><a href="https://www.amazon.com/dp/B09QKDY1YY?tag=eloabder-20&linkCode=osi&th=1&psc=1"><img src="https://m.media-amazon.com/images/I/519UVM73B6L._SL500_.jpg" alt="Product Image"></a><p>Supeasy 5 Trays Paper Organizer Letter Tray with Handle-Mesh Desk File Organizer, Paper Sorter Desk Organizer for Office, Home or School</p><p> -17% 0FF </p><p>$19.99</p><a href="https://www.amazon.com/dp/B09QKDY1YY?tag=eloabder-20&linkCode=osi&th=1&psc=1">View Product</a></div><div class="product"><a href="https://www.amazon.com/dp/B08PBFKGJG?tag=eloabder-20&linkCode=osi&th=1&psc=1"><img src="https://m.media-amazon.com/images/I/61WfW0WLsqL._SL500_.jpg" alt="Product Image"></a><p>Marbrasse 6 Tier Paper Organizer Letter Tray - Mesh Desk File Organizer with Handle, Paper Sorter Organizer for Letter/A4 Office File Folder Holder - Black</p><p> -23% 0FF </p><p>$19.98</p><a href="https://www.amazon.com/dp/B08PBFKGJG?tag=eloabder-20&linkCode=osi&th=1&psc=1">View Product</a></div><div class="product"><a href="https://www.amazon.com/dp/B09K5927B5?tag=eloabder-20&linkCode=osi&th=1&psc=1"><img src="https://m.media-amazon.com/images/I/51u5tZ4jR6L._SL500_.jpg" alt="Product Image"></a><p>Marbrasse Desk Organizer with File Holder, 5-Tier Paper Letter Tray Organizer with Drawer and 2 Pen Holder, Mesh Desktop Organizer and Storage with Magazine Holder for Office Supplies(Black)</p><p> -24% 0FF </p><p>$33.99</p><a href="https://www.amazon.com/dp/B09K5927B5?tag=eloabder-20&linkCode=osi&th=1&psc=1">View Product</a></div>
<div class="product"><a href="https://www.amazon.com/dp/B0CNXF7SVS?tag=eloabder-20&linkCode=osi&th=1&psc=1"><img src="https://m.media-amazon.com/images/I/51a6EswyTZL._SL500_.jpg" alt="Product Image"></a><p>Manalete Drawer Organizers Set of 15, 4 Sizes Clear Plastic Drawer Organizers and Storage Bins for Kitchen, Bathroom, Office, Dresser Desk Drawer Organizer Tray for Jewelry, Makeup, Junk, Gadgets</p><p> -29% 0FF </p><p>$9.99</p><a href="https://www.amazon.com/dp/B0CNXF7SVS?tag=eloabder-20&linkCode=osi&th=1&psc=1">View Product</a></div><div class="product"><a href="https://www.amazon.com/dp/B0CCY5X6SS?tag=eloabder-20&linkCode=osi&th=1&psc=1"><img src="https://m.media-amazon.com/images/I/41Iye-vPXJL._SL500_.jpg" alt="Product Image"></a><p>Bamboo Drawer Organizer Set, 5 PCS Multi-Use Individual Wood Storage Organizers, Junk Drawer Divider and Storage Trays Containers for Kitchen, Bathroom, Office Desk, Makeup, Jewelry, Utensils</p><p> -20% 0FF </p><p>$19.99 ($4.00 / Count)</p><a href="https://www.amazon.com/dp/B0CCY5X6SS?tag=eloabder-20&linkCode=osi&th=1&psc=1">View Product</a></div><div class="product"><a href="https://www.amazon.com/dp/B0CCDJQ7MM?tag=eloabder-20&linkCode=osi&th=1&psc=1"><img src="https://m.media-amazon.com/images/I/51kU0WJxdsL._SL500_.jpg" alt="Product Image"></a><p>Marbrasse Expandable Desk Drawer Organizer, Mesh Drawer Organizer Tray with 10 Adjustable Compartments, Desk Organizers and Accessories, 5 Dividers Drawer for Office Supplies, Makeup & Vanity (Black)</p><p> -15% 0FF </p><p>$17.84</p><a href="https://www.amazon.com/dp/B0CCDJQ7MM?tag=eloabder-20&linkCode=osi&th=1&psc=1">View Product</a></div><div class="product"><a href="https://www.amazon.com/dp/B0DM27MBZN?tag=eloabder-20&linkCode=osi&th=1&psc=1"><img src="https://m.media-amazon.com/images/I/41hAfSMnrZL._SL500_.jpg" alt="Product Image"></a><p>ElegantArray 12 PCS Drawer Organizer Set, 4 Sizes Storage Drawer Units, Clear Plastic Makeup Vanity Organizer and Storage Bins for Makeup, Stationeries, Multiple Gadgets for Bathroom, Office, Bedroom</p><p> -31% 0FF </p><p>$8.99</p><a href="https://www.amazon.com/dp/B0DM27MBZN?tag=eloabder-20&linkCode=osi&th=1&psc=1">View Product</a></div>
<div class="product"><a href="https://www.amazon.com/dp/B0C4T42TPC?tag=eloabder-20&linkCode=osi&th=1&psc=1"><img src="https://m.media-amazon.com/images/I/318IsyAsPXL._SL500_.jpg" alt="Product Image"></a><p>Adjustable Mobile CPU Stand, Ventilated Computer Tower Stand with 4 Caster Wheels Fits Most PC Tower, Under Desk CPU Holder PC Floor Cart Computer Riser for Gamers and Students (Black)</p><p> -21% 0FF </p><p>$14.21</p><a href="https://www.amazon.com/dp/B0C4T42TPC?tag=eloabder-20&linkCode=osi&th=1&psc=1">View Product</a></div><div class="product"><a href="https://www.amazon.com/dp/B094QTGHNZ?tag=eloabder-20&linkCode=osi&th=1&psc=1"><img src="https://m.media-amazon.com/images/I/31VzBQ+jwWL._SL500_.jpg" alt="Product Image"></a><p>WALI Computer Monitor Stand for Desk, Adjustable Laptop Riser, Desk Monitor Stand Underneath Storage for Office, Home, School Supplies (STT003), 1 Pack, Black</p><p> -32% 0FF </p><p>$16.99</p><a href="https://www.amazon.com/dp/B094QTGHNZ?tag=eloabder-20&linkCode=osi&th=1&psc=1">View Product</a></div><div class="product"><a href="https://www.amazon.com/dp/B07H4DMLVH?tag=eloabder-20&linkCode=osi&th=1&psc=1"><img src="https://m.media-amazon.com/images/I/31eTfKhpSWL._SL500_.jpg" alt="Product Image"></a><p>HUANUO Monitor Stand, Monitor Stand Riser 3 Height Adjustable, Monitor Riser with Airflow Vents, Laptop Stand for Desk, Laptop Riser, Desk Organizer for Monitor, 15.6" Laptop, PC, Printer</p><p> -11% 0FF </p><p>$15.19</p><a href="https://www.amazon.com/dp/B07H4DMLVH?tag=eloabder-20&linkCode=osi&th=1&psc=1">View Product</a></div><div class="product"><a href="https://www.amazon.com/dp/B0D69W6H91?tag=eloabder-20&linkCode=osi&th=1&psc=1"><img src="https://m.media-amazon.com/images/I/51rQI+gi3lL._SL500_.jpg" alt="Product Image"></a><p>JANE EYRE Computer Tower Stand - Adjustable PC Tower Stand CPU Holder Cart with Charging Station for Office Home Classroom,23.03"-28.3" H, black</p><p> -10% 0FF </p><p>$53.99</p><a href="https://www.amazon.com/dp/B0D69W6H91?tag=eloabder-20&linkCode=osi&th=1&psc=1">View Product</a></div><div class="product"><a href="https://www.amazon.com/dp/B0C4T34L9Y?tag=eloabder-20&linkCode=osi&th=1&psc=1"><img src="https://m.media-amazon.com/images/I/51BNMGXNOEL._SL500_.jpg" alt="Product Image"></a><p>BONTEC Wooden Monitor Stand Riser, 2-Tier Desk Shelf with Storage Organizer, Ergonomic Computer Stand with Cable Management, Cellphone Holder, White, 16.5 Inch</p><p> -33% 0FF </p><p>$18.04</p><a href="https://www.amazon.com/dp/B0C4T34L9Y?tag=eloabder-20&linkCode=osi&th=1&psc=1">View Product</a></div><div class="product"><a href="https://www.amazon.com/dp/B08BRCT4JH?tag=eloabder-20&linkCode=osi&th=1&psc=1"><img src="https://m.media-amazon.com/images/I/41Ga6A+cXbL._SL500_.jpg" alt="Product Image"></a><p>BESIGN LS03 Aluminum Laptop Stand, Ergonomic Detachable Computer Stand, Notebook Riser Compatible with Air, Pro, Dell, HP, Lenovo More 10-15.6" Laptops, Silver</p><p> -25% 0FF </p><p>$14.98</p><a href="https://www.amazon.com/dp/B08BRCT4JH?tag=eloabder-20&linkCode=osi&th=1&psc=1">View Product</a></div>
<div class="product"><a href="https://www.amazon.com/dp/B07Q79ZZJ6?tag=eloabder-20&linkCode=osi&th=1&psc=1"><img src="https://m.media-amazon.com/images/I/31-LBzENQIL._SL500_.jpg" alt="Product Image"></a><p>Single LCD Computer Monitor Free-Standing Desk Stand Mount Riser for 13 inch to 32 inch screen with Swivel, Height Adjustable, Rotation, Vesa Base Stand Holds One (1) Screen up to 77Lbs(HT05B-001))</p><p> -34% 0FF </p><p>$21.99</p><a href="https://www.amazon.com/dp/B07Q79ZZJ6?tag=eloabder-20&linkCode=osi&th=1&psc=1">View Product</a></div><div class="product"><a href="https://www.amazon.com/dp/B082845XM8?tag=eloabder-20&linkCode=osi&th=1&psc=1"><img src="https://m.media-amazon.com/images/I/41uRH1B7HgL._SL500_.jpg" alt="Product Image"></a><p>Dual Monitor Stand - Vertical Stack Screen Free-Standing Monitor Riser Fits Two 13 to 34 Inch Screen with Swivel, Tilt, Height Adjustable, Holds One (1) Screen Up to 44Lbs</p><p> -5% 0FF </p><p>$31.56</p><a href="https://www.amazon.com/dp/B082845XM8?tag=eloabder-20&linkCode=osi&th=1&psc=1">View Product</a></div><div class="product"><a href="https://www.amazon.com/dp/B00X4SCCFG?tag=eloabder-20&linkCode=osi&th=1&psc=1"><img src="https://m.media-amazon.com/images/I/21X2klzUZGL._SL500_.jpg" alt="Product Image"></a><p>Amazon Basics Height Adjustable Rectangular Computer Monitor Riser Desk Stand with Storage for Reduced Neck Strain - Fits Monitors, Laptops Up to 22lbs, Black</p><p> -35% 0FF </p><p>$14.06</p><a href="https://www.amazon.com/dp/B00X4SCCFG?tag=eloabder-20&linkCode=osi&th=1&psc=1">View Product</a></div>
<div class="product"><a href="https://www.amazon.com/dp/B07HFDJCSL?tag=eloabder-20&linkCode=osi&th=1&psc=1"><img src="https://m.media-amazon.com/images/I/41DR7qY1naL._SL500_.jpg" alt="Product Image"></a><p>VIVO Large Keyboard Tray Under Desk Pull Out with Extra Sturdy C Clamp Mount System, 27 (33 Including Clamps) x 11 Inch Slide-Out Platform Computer Drawer for Typing, Black, MOUNT-KB05E</p><p> -17% 0FF </p><p>$49.99</p><a href="https://www.amazon.com/dp/B07HFDJCSL?tag=eloabder-20&linkCode=osi&th=1&psc=1">View Product</a></div><div class="product"><a href="https://www.amazon.com/dp/B082NKBM62?tag=eloabder-20&linkCode=osi&th=1&psc=1"><img src="https://m.media-amazon.com/images/I/41qQ3p9-mrL._SL500_.jpg" alt="Product Image"></a><p>HUANUO Keyboard Tray Under Desk, 360 Adjustable Ergonomic Sliding Keyboard & Mouse Tray, Under Desk Keyboard Tray Slide Out, Keyboard Holder Under Desk for Typing in Home, Office Work, 25"W x 9.84"D</p><p> -33% 0FF </p><p>$59.98</p><a href="https://www.amazon.com/dp/B082NKBM62?tag=eloabder-20&linkCode=osi&th=1&psc=1">View Product</a></div><div class="product"><a href="https://www.amazon.com/dp/B0F23GTKHL?tag=eloabder-20&linkCode=osi&th=1&psc=1"><img src="https://m.media-amazon.com/images/I/41dmHoeznDL._SL500_.jpg" alt="Product Image"></a><p>Zontera Ergonomic Mouse & Keyboard Tray Under Desk, Pull Out with Adjustable C-clamp, 20 (25.9 Including Clamps) x 11.8 Inch Slide Out Computer Keyboard Drawer Mouse Tray for Typing, Black</p><p> -7% 0FF </p><p>$25.99</p><a href="https://www.amazon.com/dp/B0F23GTKHL?tag=eloabder-20&linkCode=osi&th=1&psc=1">View Product</a></div><div class="product"><a href="https://www.amazon.com/dp/B01IIGMBVI?tag=eloabder-20&linkCode=osi&th=1&psc=1"><img src="https://m.media-amazon.com/images/I/21Vw8003F0L._SL500_.jpg" alt="Product Image"></a><p>Alera ALE Valencia Series Underdesk Keyboard/Mouse Shelf, 28w x 12d, Black</p><p> -50% 0FF </p><p>$29.22</p><a href="https://www.amazon.com/dp/B01IIGMBVI?tag=eloabder-20&linkCode=osi&th=1&psc=1">View Product</a></div>
<div class="product"><a href="https://www.amazon.com/dp/B07C3XZMC6?tag=eloabder-20&linkCode=osi&th=1&psc=1"><img src="https://m.media-amazon.com/images/I/31Eojf7glwL._SL500_.jpg" alt="Product Image"></a><p>JIKIOU 3 Pack Mouse Pad with Stitched Edge, Comfortable Mouse Pads with Non-Slip Rubber Base, Washable Mousepads Bulk with Comfortable Cloth, Mouse Pads for Computers Laptop Mouse 10.2x8.3inch Black</p><p> -29% 0FF </p><p>$7.99</p><a href="https://www.amazon.com/dp/B07C3XZMC6?tag=eloabder-20&linkCode=osi&th=1&psc=1">View Product</a></div><div class="product"><a href="https://www.amazon.com/dp/B085XRMSTT?tag=eloabder-20&linkCode=osi&th=1&psc=1"><img src="https://m.media-amazon.com/images/I/31aDSI0sFoL._SL500_.jpg" alt="Product Image"></a><p>EooCoo Ergonomic Mouse Pad with Wrist Support, Mousepad with Memory Foam Wrist Rest and Non-Slip Base for Computer, Cafe, Home & Office, 9.64 x 8.26 in Office Desk Accessories</p><p> -36% 0FF </p><p>$6.99</p><a href="https://www.amazon.com/dp/B085XRMSTT?tag=eloabder-20&linkCode=osi&th=1&psc=1">View Product</a></div>
<div class="product"><a href="https://www.amazon.com/dp/B0BRCJL4MM?tag=eloabder-20&linkCode=osi&th=1&psc=1"><img src="https://m.media-amazon.com/images/I/41sggzaNbPL._SL500_.jpg" alt="Product Image"></a><p>Led Desk Lamp for Office Home - Eye Caring Architect lamp with Clamp,Dual Screen Computer Monitor Gooseneck Smart Light: 24W 5 Color Flexible Adjustable Lighting Table Lamp for Study Drafting</p><p> -13% 0FF </p><p>$69.99</p><a href="https://www.amazon.com/dp/B0BRCJL4MM?tag=eloabder-20&linkCode=osi&th=1&psc=1">View Product</a></div><div class="product"><a href="https://www.amazon.com/dp/B0BNHNG5CY?tag=eloabder-20&linkCode=osi&th=1&psc=1"><img src="https://m.media-amazon.com/images/I/51ccmdZe2YL._SL500_.jpg" alt="Product Image"></a><p>Micomlan Led Desk Lamp with Clamp, Architect Desk Lamp for Home Office with Atmosphere Lighting, 24W Ultra Bright Auto Dimming Computer Light Stepless Dimming and Tempering LED Table Light</p><p> -27% 0FF </p><p>$49.99</p><a href="https://www.amazon.com/dp/B0BNHNG5CY?tag=eloabder-20&linkCode=osi&th=1&psc=1">View Product</a></div><div class="product"><a href="https://www.amazon.com/dp/B078W61H9P?tag=eloabder-20&linkCode=osi&th=1&psc=1"><img src="https://m.media-amazon.com/images/I/31aebwb3nqL._SL500_.jpg" alt="Product Image"></a><p>LEPOWER Metal Desk Lamp, Eye-Caring Table Lamp, Study Lamps with Flexible Goose Neck for Bedroom, Home Office (Matte Black)</p><p> -24% 0FF </p><p>$24.99</p><a href="https://www.amazon.com/dp/B078W61H9P?tag=eloabder-20&linkCode=osi&th=1&psc=1">View Product</a></div><div class="product"><a href="https://www.amazon.com/dp/B0D1DLY4H4?tag=eloabder-20&linkCode=osi&th=1&psc=1"><img src="https://m.media-amazon.com/images/I/41sKiuSIwRL._SL500_.jpg" alt="Product Image"></a><p>SKYLEO Led Desk Lamp - Desk Light for 31.5" Tall - 5 Color Modes X 11 Brightness Levels - Adjustable Swing Arm - Timmer & Memory Function - 12W Lamp for Desk - Black</p><p> -23% 0FF </p><p>$19.99</p><a href="https://www.amazon.com/dp/B0D1DLY4H4?tag=eloabder-20&linkCode=osi&th=1&psc=1">View Product</a></div><div class="product"><a href="https://www.amazon.com/dp/B0D2LGK82V?tag=eloabder-20&linkCode=osi&th=1&psc=1"><img src="https://m.media-amazon.com/images/I/41UpQ-qygDL._SL500_.jpg" alt="Product Image"></a><p>Addtam LED Desk Lamp, Power Strip with 3 Outlets 4 USB Charging Ports(2 USBC), 4 Modes 5 Level Brightness Touch Lamp, Small Desk Lamp for Home Office College Dorm Room Essentials</p><p> -23% 0FF </p><p>$16.99</p><a href="https://www.amazon.com/dp/B0D2LGK82V?tag=eloabder-20&linkCode=osi&th=1&psc=1">View Product</a></div><div class="product"><a href="https://www.amazon.com/dp/B08LMTQ7ZF?tag=eloabder-20&linkCode=osi&th=1&psc=1"><img src="https://m.media-amazon.com/images/I/21vKPX2KHML._SL500_.jpg" alt="Product Image"></a><p>Lepro LED Desk Lamp for Home Office, 9.5W 750LM Metal Touch Control Desk Light, 5 Color Modes 5 Brightness Level, Eye Caring Task Lamp For Reading, Sewing, Crafts, School Supplies, Puzzle Light, Black</p><p> -13% 0FF </p><p>$24.99</p><a href="https://www.amazon.com/dp/B08LMTQ7ZF?tag=eloabder-20&linkCode=osi&th=1&psc=1">View Product</a></div>
<div class="product"><a href="https://www.amazon.com/dp/B0D7BXNDP4?tag=eloabder-20&linkCode=osi&th=1&psc=1"><img src="https://m.media-amazon.com/images/I/41DuEunZ1+L._SL500_.jpg" alt="Product Image"></a><p>Monitor Fan with Clamp & Light Bar Desk Lamp with fan for Office mini Desk fan small quiet with lamp for PC Laptops Tablet for Home Office Portable Working Reading Stand Lamp</p><p> -5% 0FF </p><p>$15.19</p><a href="https://www.amazon.com/dp/B0D7BXNDP4?tag=eloabder-20&linkCode=osi&th=1&psc=1">View Product</a></div><div class="product"><a href="https://www.amazon.com/dp/B07K1D41DC?tag=eloabder-20&linkCode=osi&th=1&psc=1"><img src="https://m.media-amazon.com/images/I/310MAouNV-L._SL500_.jpg" alt="Product Image"></a><p>OttLite Cool Breeze LED Lamp with Bladeless Fan - 3 Speed Options & 5 Brightness Settings with Energy Efficient Natural Daylight LEDs - Desktop, Table or Nightstand Lamp for Studying or Reading</p><p> -14% 0FF </p><p>$89.98</p><a href="https://www.amazon.com/dp/B07K1D41DC?tag=eloabder-20&linkCode=osi&th=1&psc=1">View Product</a></div>
<div class="product"><a href="https://www.amazon.com/dp/B0CXSXL1F2?tag=eloabder-20&linkCode=osi&th=1&psc=1"><img src="https://m.media-amazon.com/images/I/41H6cndt7iL._SL500_.jpg" alt="Product Image"></a><p>9 Pack Lined Sticky Notes 4x6 in Post Sticky Notes with Lines, 9 Bright Colors Self Sticky Notes Pad Its, Large Ruled Sticky Note for Office, Home, 35 Sheets/Pad</p><p> -33% 0FF </p><p>$7.99</p><a href="https://www.amazon.com/dp/B0CXSXL1F2?tag=eloabder-20&linkCode=osi&th=1&psc=1">View Product</a></div><div class="product"><a href="https://www.amazon.com/dp/B019QROV9S?tag=eloabder-20&linkCode=osi&th=1&psc=1"><img src="https://m.media-amazon.com/images/I/51OsStyntzL._SL500_.jpg" alt="Product Image"></a><p>Sharpie Clear View Highlighter Sticks, Chisel Tip, Assorted Fluorescent, 8 Count - School, Home, and Office Use, Teacher Supplies</p><p> -23% 0FF </p><p>$13.86</p><a href="https://www.amazon.com/dp/B019QROV9S?tag=eloabder-20&linkCode=osi&th=1&psc=1">View Product</a></div>
<div class="product"><a href="https://www.amazon.com/dp/B082PN4X5J?tag=eloabder-20&linkCode=osi&th=1&psc=1"><img src="https://m.media-amazon.com/images/I/51o+eA8g6nL._SL500_.jpg" alt="Product Image"></a><p>Sharpie S-Gel Gel Pens, Black Barrel, Medium Point (0.7mm), Black Gel Ink Pens, 12 Count - Home, Office, School, Journaling, Writing, Note-Taking, Teacher Supplies</p><p> -14% 0FF </p><p>$11.97</p><a href="https://www.amazon.com/dp/B082PN4X5J?tag=eloabder-20&linkCode=osi&th=1&psc=1">View Product</a></div><div class="product"><a href="https://www.amazon.com/dp/B0C9W8DD9S?tag=eloabder-20&linkCode=osi&th=1&psc=1"><img src="https://m.media-amazon.com/images/I/41mdSvEwNZL._SL500_.jpg" alt="Product Image"></a><p>Ddaowanx Gel Pens, 6 Pcs 0.5mm Quick Dry Black Ink Pens Fine Point Smooth Writing Pens, Cute Office School Supplies Gifts for Women</p><p> -10% 0FF </p><p>$8.99</p><a href="https://www.amazon.com/dp/B0C9W8DD9S?tag=eloabder-20&linkCode=osi&th=1&psc=1">View Product</a></div><div class="product"><a href="https://www.amazon.com/dp/B019QBOG3U?tag=eloabder-20&linkCode=osi&th=1&psc=1"><img src="https://m.media-amazon.com/images/I/416PjSebDoL._SL500_.jpg" alt="Product Image"></a><p>Paper Mate Colorful Gel Pens - InkJoy Gel Pens Assorted Medium Point (0.7). Perfect for Vibrant Colored Writing and Sketching with Paper Mate InkJoy 14 Count</p><p> -18% 0FF </p><p>$10.31</p><a href="https://www.amazon.com/dp/B019QBOG3U?tag=eloabder-20&linkCode=osi&th=1&psc=1">View Product</a></div><div class="product"><a href="https://www.amazon.com/dp/B0C73JDN4S?tag=eloabder-20&linkCode=osi&th=1&psc=1"><img src="https://m.media-amazon.com/images/I/51DJUUxL7HL._SL500_.jpg" alt="Product Image"></a><p>Linbsunne Ballpoint Pens Black Medium Point 1mm Pen with Super Soft Grip Ball Point Pen for Men Women Retractable Pens (gold-12 pcs)</p><p> -10% 0FF </p><p>$8.99</p><a href="https://www.amazon.com/dp/B0C73JDN4S?tag=eloabder-20&linkCode=osi&th=1&psc=1">View Product</a></div><div class="product"><a href="https://www.amazon.com/dp/B001OTA66O?tag=eloabder-20&linkCode=osi&th=1&psc=1"><img src="https://m.media-amazon.com/images/I/41yS5tBZQLL._SL500_.jpg" alt="Product Image"></a><p>BIC Glide Black Retractable Ballpoint Pens, Medium Point (1.0mm), 4-Count Pack, Ultra Smooth Writing Black Pens</p><p> -40% 0FF </p><p>$2.99</p><a href="https://www.amazon.com/dp/B001OTA66O?tag=eloabder-20&linkCode=osi&th=1&psc=1">View Product</a></div>
<div class="product"><a href="https://www.amazon.com/dp/B002HVXXCW?tag=eloabder-20&linkCode=osi&th=1&psc=1"><img src="https://m.media-amazon.com/images/I/41JeEedXCeL._SL500_.jpg" alt="Product Image"></a><p>Ticonderoga Wood-Cased Pencils, Pre-Sharpened, 2 HB Soft, Yellow, 10 Count</p><p> -58% 0FF </p><p>$2.49</p><a href="https://www.amazon.com/dp/B002HVXXCW?tag=eloabder-20&linkCode=osi&th=1&psc=1">View Product</a></div><div class="product"><a href="https://www.amazon.com/dp/B077Q4B6YN?tag=eloabder-20&linkCode=osi&th=1&psc=1"><img src="https://m.media-amazon.com/images/I/4160YcHGDNL._SL500_.jpg" alt="Product Image"></a><p>Paper Mate 2017483 Mechanical Pencils for Handwriting, Triangular, 5/PK, AST</p><p> -45% 0FF </p><p>$3.47</p><a href="https://www.amazon.com/dp/B077Q4B6YN?tag=eloabder-20&linkCode=osi&th=1&psc=1">View Product</a></div>
<div class="product"><a href="https://www.amazon.com/dp/B0D7YTZNRF?tag=eloabder-20&linkCode=osi&th=1&psc=1"><img src="https://m.media-amazon.com/images/I/41hSbSlNAmL._SL500_.jpg" alt="Product Image"></a><p>YASNAY Alcohol Markers, 48 Colors Dual Tip Art Marker, Drawing Markers, Coloring Marker for Kids Sketching Adult Coloring</p><p> -27% 0FF </p><p>$10.99</p><a href="https://www.amazon.com/dp/B0D7YTZNRF?tag=eloabder-20&linkCode=osi&th=1&psc=1">View Product</a></div><div class="product"><a href="https://www.amazon.com/dp/B07CJ8QXF8?tag=eloabder-20&linkCode=osi&th=1&psc=1"><img src="https://m.media-amazon.com/images/I/51bChi4-H4L._SL500_.jpg" alt="Product Image"></a><p>Dual Markers Brush Pens, 36 Fine Point Art Marker, Double Tip Colored Pen for Adult Coloring Hand Lettering, School Classroom Art Suppliers</p><p> -20% 0FF </p><p>$7.98</p><a href="https://www.amazon.com/dp/B07CJ8QXF8?tag=eloabder-20&linkCode=osi&th=1&psc=1">View Product</a></div><div class="product"><a href="https://www.amazon.com/dp/B071CP6X88?tag=eloabder-20&linkCode=osi&th=1&psc=1"><img src="https://m.media-amazon.com/images/I/41sNeEYkTNL._SL500_.jpg" alt="Product Image"></a><p>Crayola Super Tips Marker Set for Kids (100ct), Broad Tip & Fine Point Washable Art Markers for Kids, Bulk School Supplies, Teacher Classroom Must Haves, Drawing Supplies</p><p> -19% 0FF </p><p>$16.29</p><a href="https://www.amazon.com/dp/B071CP6X88?tag=eloabder-20&linkCode=osi&th=1&psc=1">View Product</a></div><div class="product"><a href="https://www.amazon.com/dp/B08MBFPFCQ?tag=eloabder-20&linkCode=osi&th=1&psc=1"><img src="https://m.media-amazon.com/images/I/51DaGL7Z4oL._SL500_.jpg" alt="Product Image"></a><p>Sharpie Permanent Markers Variety Pack, Includes Chisel, Fine, and Ultra-Fine Tips, Marker Set, Writing, Coloring, Poster, Office, School Supplies, Black, 6 Count</p><p> -19% 0FF </p><p>$4.63 ($0.77 / Count)</p><a href="https://www.amazon.com/dp/B08MBFPFCQ?tag=eloabder-20&linkCode=osi&th=1&psc=1">View Product</a></div>
<div class="product"><a href="https://www.amazon.com/dp/B09Y2KJ2KX?tag=eloabder-20&linkCode=osi&th=1&psc=1"><img src="https://m.media-amazon.com/images/I/41EhQr7suML._SL500_.jpg" alt="Product Image"></a><p>Sharpie Pocket Highlighters, Mild Pastel Colors, Assorted, Chisel Tip, 12 Count - School, Home, and Office Use, Teacher Supplies</p><p> -22% 0FF </p><p>$7.76 ($0.65 / Count)</p><a href="https://www.amazon.com/dp/B09Y2KJ2KX?tag=eloabder-20&linkCode=osi&th=1&psc=1">View Product</a></div><div class="product"><a href="https://www.amazon.com/dp/B08698MJWT?tag=eloabder-20&linkCode=osi&th=1&psc=1"><img src="https://m.media-amazon.com/images/I/512N7aYt5oL._SL500_.jpg" alt="Product Image"></a><p>Sharpie S-Note Creative Markers, Pastel Highlighters, Art Marker Set, Assorted Colors, Chisel Tip, 24 Count - School, Home, and Office Use, Teacher Supplies</p><p> -60% 0FF </p><p>$8.83</p><a href="https://www.amazon.com/dp/B08698MJWT?tag=eloabder-20&linkCode=osi&th=1&psc=1">View Product</a></div>
<div class="product"><a href="https://www.amazon.com/dp/B097DPQPYN?tag=eloabder-20&linkCode=osi&th=1&psc=1"><img src="https://m.media-amazon.com/images/I/51nFyQPtfkL._SL500_.jpg" alt="Product Image"></a><p>Sonuimy Pencil Sharpeners, 4 Pcs Pencil Sharpeners Manual,Dual Holes Compact Colored Handheld Pencil Sharpener for Kids with Lid Adults Students School Class Home Office (Covered)</p><p> -13% 0FF </p><p>$4.49</p><a href="https://www.amazon.com/dp/B097DPQPYN?tag=eloabder-20&linkCode=osi&th=1&psc=1">View Product</a></div><div class="product"><a href="https://www.amazon.com/dp/B000MFN1G8?tag=eloabder-20&linkCode=osi&th=1&psc=1"><img src="https://m.media-amazon.com/images/I/41JPflroUEL._SL500_.jpg" alt="Product Image"></a><p>Compact Desktop Electric Pencil Sharpener, Black, Sold as 1 Each</p><p> -21% 0FF </p><p>$15.89</p><a href="https://www.amazon.com/dp/B000MFN1G8?tag=eloabder-20&linkCode=osi&th=1&psc=1">View Product</a></div><div class="product"><a href="https://www.amazon.com/dp/B00125KXGI?tag=eloabder-20&linkCode=osi&th=1&psc=1"><img src="https://m.media-amazon.com/images/I/51avY0bZv6L._SL500_.jpg" alt="Product Image"></a><p>Bostitch Office Personal Electric Pencil Sharpener, Powerful Stall-Free Motor, High Capacity Shavings Tray, Blue</p><p> -13% 0FF </p><p>$17.48</p><a href="https://www.amazon.com/dp/B00125KXGI?tag=eloabder-20&linkCode=osi&th=1&psc=1">View Product</a></div><div class="product"><a href="https://www.amazon.com/dp/B078DZY9Z5?tag=eloabder-20&linkCode=osi&th=1&psc=1"><img src="https://m.media-amazon.com/images/I/41KbUFGrXfL._SL500_.jpg" alt="Product Image"></a><p>JARLINK Electric Pencil Sharpener, Heavy-Duty Helical Blade to Fast Sharpen, Auto Stop for No.2/Colored Pencils(6-8mm), AC Adapter/Battery Operated in School Classroom/Office/Home (Black)</p><p> -21% 0FF </p><p>$16.98</p><a href="https://www.amazon.com/dp/B078DZY9Z5?tag=eloabder-20&linkCode=osi&th=1&psc=1">View Product</a></div><div class="product"><a href="https://www.amazon.com/dp/B08DLXH86D?tag=eloabder-20&linkCode=osi&th=1&psc=1"><img src="https://m.media-amazon.com/images/I/41UghsnBycL._SL500_.jpg" alt="Product Image"></a><p>Aogwat Pencil Sharpener Electric Pencil Sharpener for Kids, Blade to Fast Sharpen, Suitable for No.2/School/Classroom/Office/Home (Black)</p><p> -23% 0FF </p><p>$9.99</p><a href="https://www.amazon.com/dp/B08DLXH86D?tag=eloabder-20&linkCode=osi&th=1&psc=1">View Product</a></div><div class="product"><a href="https://www.amazon.com/dp/B000GP0VIU?tag=eloabder-20&linkCode=osi&th=1&psc=1"><img src="https://m.media-amazon.com/images/I/318OKKSwzbL._SL500_.jpg" alt="Product Image"></a><p>Bostitch Office Wall Mount Manual Pencil Sharpener, Tip Saver, 8 Hole Dial, 6X Longer Cutter Life, Vertical or Horizontal Mounting Black (MPS1-BLK)</p><p> -9% 0FF </p><p>$13.18</p><a href="https://www.amazon.com/dp/B000GP0VIU?tag=eloabder-20&linkCode=osi&th=1&psc=1">View Product</a></div>
<div class="product"><a href="https://www.amazon.com/dp/B00094H4LU?tag=eloabder-20&linkCode=osi&th=1&psc=1"><img src="https://m.media-amazon.com/images/I/41f-fbZYU1L._SL500_.jpg" alt="Product Image"></a><p>Paper Mate Erasers | Pink Pearl Large Erasers 12 Count</p><p> -55% 0FF </p><p>$6.03</p><a href="https://www.amazon.com/dp/B00094H4LU?tag=eloabder-20&linkCode=osi&th=1&psc=1">View Product</a></div><div class="product"><a href="https://www.amazon.com/dp/B07DPVVMWB?tag=eloabder-20&linkCode=osi&th=1&psc=1"><img src="https://m.media-amazon.com/images/I/51wLlsENgiL._SL500_.jpg" alt="Product Image"></a><p>Mr. Pen Erasers for Pencils, 120 Pack, Pencil Top Erasers, Eraser Caps, Cap Tops, Topper Erasers. Ereaser</p><p> -24% 0FF </p><p>$5.95</p><a href="https://www.amazon.com/dp/B07DPVVMWB?tag=eloabder-20&linkCode=osi&th=1&psc=1">View Product</a></div><div class="product"><a href="https://www.amazon.com/dp/B07144DC8V?tag=eloabder-20&linkCode=osi&th=1&psc=1"><img src="https://m.media-amazon.com/images/I/51Ed1+HW9cL._SL500_.jpg" alt="Product Image"></a><p>Pentel Hi-Polymer Block Eraser, White, 10/Box (ZEH10PC10)</p><p> -44% 0FF </p><p>$9.99</p><a href="https://www.amazon.com/dp/B07144DC8V?tag=eloabder-20&linkCode=osi&th=1&psc=1">View Product</a></div><div class="product"><a href="https://www.amazon.com/dp/B0047CT6SE?tag=eloabder-20&linkCode=osi&th=1&psc=1"><img src="https://m.media-amazon.com/images/I/41bhWXKeeiL._SL500_.jpg" alt="Product Image"></a><p>Pentel Clic Retractable Eraser with Grip, 3 Pack</p><p> -29% 0FF </p><p>$4.77</p><a href="https://www.amazon.com/dp/B0047CT6SE?tag=eloabder-20&linkCode=osi&th=1&psc=1">View Product</a></div>
<div class="product"><a href="https://www.amazon.com/dp/B09S9X3HV7?tag=eloabder-20&linkCode=osi&th=1&psc=1"><img src="https://m.media-amazon.com/images/I/51GgMyfl5VL._SL500_.jpg" alt="Product Image"></a><p>Color Transparent Ruler Plastic Rulers - Ruler 12 inch, Kids Ruler for School, Ruler with Centimeters, Millimeter and Inches, Assorted Colors, Clear Rulers, 7 Pack School Rulers</p><p> -16% 0FF </p><p>$5.99</p><a href="https://www.amazon.com/dp/B09S9X3HV7?tag=eloabder-20&linkCode=osi&th=1&psc=1">View Product</a></div><div class="product"><a href="https://www.amazon.com/dp/B06XK9VQM4?tag=eloabder-20&linkCode=osi&th=1&psc=1"><img src="https://m.media-amazon.com/images/I/51Glln3n-nL._SL500_.jpg" alt="Product Image"></a><p>Outus 12 Pack Wood Ruler Bulk for Students Wooden School Rulers Gifts Office Classroom Measuring, 2 Scale, 12 Inch and 30 cm</p><p> -6% 0FF </p><p>$7.99</p><a href="https://www.amazon.com/dp/B06XK9VQM4?tag=eloabder-20&linkCode=osi&th=1&psc=1">View Product</a></div><div class="product"><a href="https://www.amazon.com/dp/B0B5MLTG7J?tag=eloabder-20&linkCode=osi&th=1&psc=1"><img src="https://m.media-amazon.com/images/I/51z9LUxLKmL._SL500_.jpg" alt="Product Image"></a><p>DAGONGREN 30 Pack Clear Plastic Rulers 12 Inch,Transparent Assorted Color Metric Bulk Rulers with Inches and Centimeters,Kids Ruler for School,Home,Office</p><p> -9% 0FF </p><p>$9.99</p><a href="https://www.amazon.com/dp/B0B5MLTG7J?tag=eloabder-20&linkCode=osi&th=1&psc=1">View Product</a></div><div class="product"><a href="https://www.amazon.com/dp/B096MPPF53?tag=eloabder-20&linkCode=osi&th=1&psc=1"><img src="https://m.media-amazon.com/images/I/51qUpElDRcS._SL500_.jpg" alt="Product Image"></a><p>Tenare 1 Set Plastic Clear Math Set Includes Protractor Triangle Rulers 12 Inch 6 Inch Straight Geometry Math Transparent Ruler Measuring Tool for School Office Home Supplies(Clear)</p><p> -25% 0FF </p><p>$5.98</p><a href="https://www.amazon.com/dp/B096MPPF53?tag=eloabder-20&linkCode=osi&th=1&psc=1">View Product</a></div>
<div class="product"><a href="https://www.amazon.com/dp/B07YDDX4JL?tag=eloabder-20&linkCode=osi&th=1&psc=1"><img src="https://m.media-amazon.com/images/I/41oBPZwCRLL._SL500_.jpg" alt="Product Image"></a><p>3-Pack 8" Heavy Duty Scissors with Ultra Sharp Blades and Comfort Grip Handles - For Office, Home, School, Sewing, and Crafts</p><p> -15% 0FF </p><p>$8.49 ($2.83 / Count)</p><a href="https://www.amazon.com/dp/B07YDDX4JL?tag=eloabder-20&linkCode=osi&th=1&psc=1">View Product</a></div><div class="product"><a href="https://www.amazon.com/dp/B01BRGU8R0?tag=eloabder-20&linkCode=osi&th=1&psc=1"><img src="https://m.media-amazon.com/images/I/41ANVra+eNL._SL500_.jpg" alt="Product Image"></a><p>Amazon Basics Stainless Steel Scissors for Office, Crafts, Multipurpose, Sharp, Comfort Grip, PVD Coated, 3 Pack, Multicolor</p><p> -45% 0FF </p><p>$7.55</p><a href="https://www.amazon.com/dp/B01BRGU8R0?tag=eloabder-20&linkCode=osi&th=1&psc=1">View Product</a></div><div class="product"><a href="https://www.amazon.com/dp/B000P0LNRE?tag=eloabder-20&linkCode=osi&th=1&psc=1"><img src="https://m.media-amazon.com/images/I/41fWgMTO0JL._SL500_.jpg" alt="Product Image"></a><p>Westcott 8-Inch Titanium-Bonded Scissors with Adjustable Glide Feature for Office and Home - Gray/Yellow, 2-Pack</p><p> -33% 0FF </p><p>$9.97</p><a href="https://www.amazon.com/dp/B000P0LNRE?tag=eloabder-20&linkCode=osi&th=1&psc=1">View Product</a></div>
<div class="product"><a href="https://www.amazon.com/dp/B074ZRZ4CZ?tag=eloabder-20&linkCode=osi&th=1&psc=1"><img src="https://m.media-amazon.com/images/I/41bu+HKxC2L._SL500_.jpg" alt="Product Image"></a><p>Swingline Commercial Stapler, 20 Sheet Capacity, Jam Free, Metal, 2 Pack, Black (44401AZ)</p><p> -5% 0FF </p><p>$18.98</p><a href="https://www.amazon.com/dp/B074ZRZ4CZ?tag=eloabder-20&linkCode=osi&th=1&psc=1">View Product</a></div><div class="product"><a href="https://www.amazon.com/dp/B001PME62K?tag=eloabder-20&linkCode=osi&th=1&psc=1"><img src="https://m.media-amazon.com/images/I/41gbaJu-3iL._SL500_.jpg" alt="Product Image"></a><p>Swingline Stapler, 40 Sheet Capacity, Optima 40, Jam Free, Reduced Effort, Soft Grip, Metal, Orange and Gray (87845)</p><p> -14% 0FF </p><p>$24.19</p><a href="https://www.amazon.com/dp/B001PME62K?tag=eloabder-20&linkCode=osi&th=1&psc=1">View Product</a></div><div class="product"><a href="https://www.amazon.com/dp/B0D2JBKYM1?tag=eloabder-20&linkCode=osi&th=1&psc=1"><img src="https://m.media-amazon.com/images/I/41zFTU9QpfL._SL500_.jpg" alt="Product Image"></a><p>Bostitch Office Stapler, No-Jam Premium for Desktop, Includes 1,250 Staples, Full-Strip, 25 Sheet Capacity, Black</p><p> -26% 0FF </p><p>$6.99</p><a href="https://www.amazon.com/dp/B0D2JBKYM1?tag=eloabder-20&linkCode=osi&th=1&psc=1">View Product</a></div><div class="product"><a href="https://www.amazon.com/dp/B0CC5GJKM1?tag=eloabder-20&linkCode=osi&th=1&psc=1"><img src="https://m.media-amazon.com/images/I/41JDDoSZQiL._SL500_.jpg" alt="Product Image"></a><p>Metal Stapler Heavy Duty 50 Sheet Capacity with 1750 Staples and Staple Remover, Full Strip Staplers for Desk, No Jam, Non-Slip for Office & Classroom, Black</p><p> -33% 0FF </p><p>$13.29</p><a href="https://www.amazon.com/dp/B0CC5GJKM1?tag=eloabder-20&linkCode=osi&th=1&psc=1">View Product</a></div><div class="product"><a href="https://www.amazon.com/dp/B0006HUQZ6?tag=eloabder-20&linkCode=osi&th=1&psc=1"><img src="https://m.media-amazon.com/images/I/31e-T-f1TGL._SL500_.jpg" alt="Product Image"></a><p>Swingline Stapler, 30 Sheet Capacity, 747 Business Stapler, Jam Free, Metal, Rio Red (74736)</p><p> -23% 0FF </p><p>$15.30</p><a href="https://www.amazon.com/dp/B0006HUQZ6?tag=eloabder-20&linkCode=osi&th=1&psc=1">View Product</a></div>
<div class="product"><a href="https://www.amazon.com/dp/B00J8PJJF0?tag=eloabder-20&linkCode=osi&th=1&psc=1"><img src="https://m.media-amazon.com/images/I/418dc+5ZGkL._SL500_.jpg" alt="Product Image"></a><p>Bostitch Office Premium Standard Staples, 1/4" Full Strip, Box of 5,000 Staples</p><p> -27% 0FF </p><p>$4.39</p><a href="https://www.amazon.com/dp/B00J8PJJF0?tag=eloabder-20&linkCode=osi&th=1&psc=1">View Product</a></div><div class="product"><a href="https://www.amazon.com/dp/B079VYR12V?tag=eloabder-20&linkCode=osi&th=1&psc=1"><img src="https://m.media-amazon.com/images/I/51xAt88vqrL._SL500_.jpg" alt="Product Image"></a><p>Officemate Standard Staples, 10 Boxes General Purpose Staple (91950)</p><p> -10% 0FF </p><p>$14.37</p><a href="https://www.amazon.com/dp/B079VYR12V?tag=eloabder-20&linkCode=osi&th=1&psc=1">View Product</a></div><div class="product"><a href="https://www.amazon.com/dp/B00006IFMQ?tag=eloabder-20&linkCode=osi&th=1&psc=1"><img src="https://m.media-amazon.com/images/I/51UsWZuFq8L._SL500_.jpg" alt="Product Image"></a><p>Bostitch Office B8 PowerCrown 0.25 Inch Staples, Pack of 5,000 Staples (STCRP21151/4), Silver</p><p> -30% 0FF </p><p>$2.33</p><a href="https://www.amazon.com/dp/B00006IFMQ?tag=eloabder-20&linkCode=osi&th=1&psc=1">View Product</a></div>
<div class="product"><a href="https://www.amazon.com/dp/B000J07BRQ?tag=eloabder-20&linkCode=osi&th=1&psc=1"><img src="https://m.media-amazon.com/images/I/51QpJKjajbL._SL500_.jpg" alt="Product Image"></a><p>Scotch Heavy Duty Shipping Packing Tape, Clear, Packing Tape for Moving Boxes and Packaging Supplies, 1.88 in. x 22.2 yd., 6 Roll Dispensers, Moving Supplies</p><p> -35% 0FF </p><p>$12.99</p><a href="https://www.amazon.com/dp/B000J07BRQ?tag=eloabder-20&linkCode=osi&th=1&psc=1">View Product</a></div><div class="product"><a href="https://www.amazon.com/dp/B0000DH8HQ?tag=eloabder-20&linkCode=osi&th=1&psc=1"><img src="https://m.media-amazon.com/images/I/414lAY+087L._SL500_.jpg" alt="Product Image"></a><p>Scotch Magic Tape, Invisible Transparent Tape, 6 Tape Rolls with Dispensers, 3/4 in x 650 in</p><p> -23% 0FF </p><p>$12.34</p><a href="https://www.amazon.com/dp/B0000DH8HQ?tag=eloabder-20&linkCode=osi&th=1&psc=1">View Product</a></div><div class="product"><a href="https://www.amazon.com/dp/B0DQHV6X92?tag=eloabder-20&linkCode=osi&th=1&psc=1"><img src="https://m.media-amazon.com/images/I/51ViCFlgldL._SL500_.jpg" alt="Product Image"></a><p>BeataTap Tape, Invisible Tape, 6 Rolls + 6 Refillable Dispensers, Matte Finish, Writable, 3/4″ x 650″, Transparent Tape, Clear Tape for Gift Wrapping Paper, School Supplies</p><p> -15% 0FF </p><p>$5.94 ($0.99 / Count)</p><a href="https://www.amazon.com/dp/B0DQHV6X92?tag=eloabder-20&linkCode=osi&th=1&psc=1">View Product</a></div><div class="product"><a href="https://www.amazon.com/dp/B07CB6LN5S?tag=eloabder-20&linkCode=osi&th=1&psc=1"><img src="https://m.media-amazon.com/images/I/41NNyeISnjL._SL500_.jpg" alt="Product Image"></a><p>Scotch Super-Hold Tape, 2 Rolls, Transparent Finish, 50% More Adhesive, Trusted Favorite, 3/4 x 600 Inches, Dispensered (198DM-2)</p><p> -30% 0FF </p><p>$5.97</p><a href="https://www.amazon.com/dp/B07CB6LN5S?tag=eloabder-20&linkCode=osi&th=1&psc=1">View Product</a></div><div class="product"><a href="https://www.amazon.com/dp/B00464740A?tag=eloabder-20&linkCode=osi&th=1&psc=1"><img src="https://m.media-amazon.com/images/I/51ZPFoiGfuL._SL500_.jpg" alt="Product Image"></a><p>Scotch Sure Start Shipping Packaging Tape, 1.88" x 22.2 yd, Designed for Packing, Shipping and Mailing, Quiet Unwind, No Splitting or Tearing, 1.5" Core, Clear, 6 Dispensered Rolls (145-6)</p><p> -28% 0FF </p><p>$13.48</p><a href="https://www.amazon.com/dp/B00464740A?tag=eloabder-20&linkCode=osi&th=1&psc=1">View Product</a></div><div class="product"><a href="https://www.amazon.com/dp/B09C6LLG9P?tag=eloabder-20&linkCode=osi&th=1&psc=1"><img src="https://m.media-amazon.com/images/I/41rbv66ZNBL._SL500_.jpg" alt="Product Image"></a><p>Scotch Box Lock Packaging Tape, 1 Roll with Dispenser, 1.88 in x 1000 in, Extreme Grip, Sticks Instantly to Any Box (195L)</p><p> -31% 0FF </p><p>$4.12</p><a href="https://www.amazon.com/dp/B09C6LLG9P?tag=eloabder-20&linkCode=osi&th=1&psc=1">View Product</a></div>
<div class="product"><a href="https://www.amazon.com/dp/B08QQZ71CV?tag=eloabder-20&linkCode=osi&th=1&psc=1"><img src="https://m.media-amazon.com/images/I/51Foz0aGYoS._SL500_.jpg" alt="Product Image"></a><p>Gorilla Super Glue, Clear Glue, Four 3 Gram Tubes (Pack of 1) - All Purpose and Fast Setting for Projects and Repairs</p><p> -25% 0FF </p><p>$9.49 ($22.60 / Ounce)</p><a href="https://www.amazon.com/dp/B08QQZ71CV?tag=eloabder-20&linkCode=osi&th=1&psc=1">View Product</a></div><div class="product"><a href="https://www.amazon.com/dp/B07J6R3GK7?tag=eloabder-20&linkCode=osi&th=1&psc=1"><img src="https://m.media-amazon.com/images/I/31kdOjGBkpL._SL500_.jpg" alt="Product Image"></a><p>Amazon Basics All Purpose Washable School Clear Liquid Glue - Great for Making Slime, 128 fl oz</p><p> -6% 0FF </p><p>$16.13</p><a href="https://www.amazon.com/dp/B07J6R3GK7?tag=eloabder-20&linkCode=osi&th=1&psc=1">View Product</a></div><div class="product"><a href="https://www.amazon.com/dp/B00178QQJ8?tag=eloabder-20&linkCode=osi&th=1&psc=1"><img src="https://m.media-amazon.com/images/I/41zs6k410RL._SL500_.jpg" alt="Product Image"></a><p>Mod Podge Gloss Sealer, Glue & Finish: All-in-One Craft Solution- Quick Dry, Easy Clean, for Wood, Paper, Fabric & More. Non-Toxic - Craft with Confidence, Made in USA, 16 oz., Pack of 1</p><p> -36% 0FF </p><p>$7.99 ($0.50 / Fl Oz)</p><a href="https://www.amazon.com/dp/B00178QQJ8?tag=eloabder-20&linkCode=osi&th=1&psc=1">View Product</a></div><div class="product"><a href="https://www.amazon.com/dp/B073V14DZJ?tag=eloabder-20&linkCode=osi&th=1&psc=1"><img src="https://m.media-amazon.com/images/I/31Iyy5+vk6L._SL500_.jpg" alt="Product Image"></a><p>Amazon Basics All Purpose Washable School Craft Liquid Glue for Making Slime, White, Single Pack, 1 Gallon</p><p> -7% 0FF </p><p>$15.54</p><a href="https://www.amazon.com/dp/B073V14DZJ?tag=eloabder-20&linkCode=osi&th=1&psc=1">View Product</a></div><div class="product"><a href="https://www.amazon.com/dp/B0006HUJCQ?tag=eloabder-20&linkCode=osi&th=1&psc=1"><img src="https://m.media-amazon.com/images/I/511pTqChTCL._SL500_.jpg" alt="Product Image"></a><p>Loctite Super Glue Gel Control, Clear, 0.14 fl oz Bottle, 1 Pack - Superglue for Plastic, Wood, Metal, Crafts & Repair, Cyanoacrylate Adhesive Instant Glue, Quick Dry</p><p> -13% 0FF </p><p>$3.64 ($26.00 / Fl Oz)</p><a href="https://www.amazon.com/dp/B0006HUJCQ?tag=eloabder-20&linkCode=osi&th=1&psc=1">View Product</a></div>
<div class="product"><a href="https://www.amazon.com/dp/B074XTRX7K?tag=eloabder-20&linkCode=osi&th=1&psc=1"><img src="https://m.media-amazon.com/images/I/31rOPIrMfDL._SL500_.jpg" alt="Product Image"></a><p>Amazon Basics Sturdy Binder Clips for Office Use, 96 Count (8 Pack of 12), Medium, 1.25 in, Black</p><p> -26% 0FF </p><p>$7.48</p><a href="https://www.amazon.com/dp/B074XTRX7K?tag=eloabder-20&linkCode=osi&th=1&psc=1">View Product</a></div><div class="product"><a href="https://www.amazon.com/dp/B00TQ8FDB8?tag=eloabder-20&linkCode=osi&th=1&psc=1"><img src="https://m.media-amazon.com/images/I/51y7lUrMLnL._SL500_.jpg" alt="Product Image"></a><p>ACCO Binder Clips, Medium, Black, 12 per Box, 2 Boxes (72062)</p><p> -25% 0FF </p><p>$5.96</p><a href="https://www.amazon.com/dp/B00TQ8FDB8?tag=eloabder-20&linkCode=osi&th=1&psc=1">View Product</a></div><div class="product"><a href="https://www.amazon.com/dp/B08KWCDP3C?tag=eloabder-20&linkCode=osi&th=1&psc=1"><img src="https://m.media-amazon.com/images/I/41qucDz6HuL._SL500_.jpg" alt="Product Image"></a><p>Ufmarine Medium Binder Clips 1.25 inch Length, (40 Pcs) Colorful Paper Clips Medium for Office</p><p> -12% 0FF </p><p>$5.99</p><a href="https://www.amazon.com/dp/B08KWCDP3C?tag=eloabder-20&linkCode=osi&th=1&psc=1">View Product</a></div>
<div class="product"><a href="https://www.amazon.com/dp/B09XQLJFDD?tag=eloabder-20&linkCode=osi&th=1&psc=1"><img src="https://m.media-amazon.com/images/I/41iiSFMy4uL._SL500_.jpg" alt="Product Image"></a><p>PAPERPAL Paperclips for Office School & Personal Use, #1 Nonskid Paper Clip (1-2/7"), 600 Medium Paper Clips (6 Boxes of 100 Each), Silver</p><p> -20% 0FF </p><p>$7.99</p><a href="https://www.amazon.com/dp/B09XQLJFDD?tag=eloabder-20&linkCode=osi&th=1&psc=1">View Product</a></div>

<div class="product"><a href="https://www.amazon.com/dp/B004I2G8NO?tag=eloabder-20&linkCode=osi&th=1&psc=1"><img src="https://m.media-amazon.com/images/I/51WEsLRINGL._SL500_.jpg" alt="Product Image"></a><p>Business Source Rubber Band, Natural (1914LB)</p><p> -26% 0FF </p><p>$4.00</p><a href="https://www.amazon.com/dp/B004I2G8NO?tag=eloabder-20&linkCode=osi&th=1&psc=1">View Product</a></div><div class="product"><a href="https://www.amazon.com/dp/B077GDY1LP?tag=eloabder-20&linkCode=osi&th=1&psc=1"><img src="https://m.media-amazon.com/images/I/41nn0nmNTiL._SL500_.jpg" alt="Product Image"></a><p>ANNIE 1000 RUBBER BANDS 1/2" #BLACK</p><p> -7% 0FF </p><p>$4.90 ($1.22 / Count)</p><a href="https://www.amazon.com/dp/B077GDY1LP?tag=eloabder-20&linkCode=osi&th=1&psc=1">View Product</a></div><div class="product"><a href="https://www.amazon.com/dp/B000783OPI?tag=eloabder-20&linkCode=osi&th=1&psc=1"><img src="https://m.media-amazon.com/images/I/510okXKzMqL._SL500_.jpg" alt="Product Image"></a><p>Universal 00419 19-Size Rubber Bands (335 Per Pack), Beige</p><p> -29% 0FF </p><p>$3.44</p><a href="https://www.amazon.com/dp/B000783OPI?tag=eloabder-20&linkCode=osi&th=1&psc=1">View Product</a></div><div class="product"><a href="https://www.amazon.com/dp/B00006IBRU?tag=eloabder-20&linkCode=osi&th=1&psc=1"><img src="https://m.media-amazon.com/images/I/51pU5khkX8L._SL500_.jpg" alt="Product Image"></a><p>ALL26335 - Alliance Rubber 26335 Advantage Rubber Bands - Size #33, Natural, 1 Pound 3 x 1/8 inches</p><p> -62% 0FF </p><p>$3.29</p><a href="https://www.amazon.com/dp/B00006IBRU?tag=eloabder-20&linkCode=osi&th=1&psc=1">View Product</a></div>
<div class="product"><a href="https://www.amazon.com/dp/B0DSKTZBB6?tag=eloabder-20&linkCode=osi&th=1&psc=1"><img src="https://m.media-amazon.com/images/I/415YD3kNFlL._SL500_.jpg" alt="Product Image"></a><p>300 Count Colored Index Cards 3 x 5 Inch Ruled Index Cards, Flash Cards College Ruled for School, College, Office and Home Organization, Durable Study To Do List Note Cards with Ruled Lines</p><p> -10% 0FF </p><p>$6.29</p><a href="https://www.amazon.com/dp/B0DSKTZBB6?tag=eloabder-20&linkCode=osi&th=1&psc=1">View Product</a></div><div class="product"><a href="https://www.amazon.com/dp/B09JYQZQ3V?tag=eloabder-20&linkCode=osi&th=1&psc=1"><img src="https://m.media-amazon.com/images/I/41y5vfnutuL._SL500_.jpg" alt="Product Image"></a><p>Oxford Index Cards, 3 x 5 Inches, White, Lined on Front, Blank on Back, Flashcards for School and Studying, Recipe Note Cards, 500 Count (5 Packs of 100) (40176)</p><p> -22% 0FF </p><p>$7.01</p><a href="https://www.amazon.com/dp/B09JYQZQ3V?tag=eloabder-20&linkCode=osi&th=1&psc=1">View Product</a></div>
<div class="product"><a href="https://www.amazon.com/dp/B00P9U2EM8?tag=eloabder-20&linkCode=osi&th=1&psc=1"><img src="https://m.media-amazon.com/images/I/41Op5kyIukL._SL500_.jpg" alt="Product Image"></a><p>Mead Spiral Notebook, 6 Pack, 1 Subject, College Ruled Paper, 7-1/2" x 10-1/2", 70 Sheets per Notebook, Colors Will Vary (830062-ECM25)</p><p> -46% 0FF </p><p>$6.71</p><a href="https://www.amazon.com/dp/B00P9U2EM8?tag=eloabder-20&linkCode=osi&th=1&psc=1">View Product</a></div><div class="product"><a href="https://www.amazon.com/dp/B0CQN8FVJX?tag=eloabder-20&linkCode=osi&th=1&psc=1"><img src="https://m.media-amazon.com/images/I/414WVVoGFPL._SL500_.jpg" alt="Product Image"></a><p>SUNEE Spiral Notebooks, 1-Subject, 5 Pack, College Ruled Paper, 8" x 10-1/2", 70 Sheets per Notebook,3-Hole Punched Paper, Pink,Purple, Blue, Green, Yellow Spiral Lined Notebooks for School,Work</p><p> -29% 0FF </p><p>$9.99</p><a href="https://www.amazon.com/dp/B0CQN8FVJX?tag=eloabder-20&linkCode=osi&th=1&psc=1">View Product</a></div><div class="product"><a href="https://www.amazon.com/dp/B08NYRMWZ8?tag=eloabder-20&linkCode=osi&th=1&psc=1"><img src="https://m.media-amazon.com/images/I/41y1cnNXtOL._SL500_.jpg" alt="Product Image"></a><p>Yansanido Spiral Notebook, 4 Pcs 8.3 Inch x 5.9 Inch A5 Thick Plastic Hardcover 8mm Ruled 4 Color 80 Sheets -160 Pages Journals for Study and Notes (style 10-Wine Red,Brown,Green,ivory, A5)</p><p> -23% 0FF </p><p>$9.99</p><a href="https://www.amazon.com/dp/B08NYRMWZ8?tag=eloabder-20&linkCode=osi&th=1&psc=1">View Product</a></div><div class="product"><a href="https://www.amazon.com/dp/B08VF9VYLZ?tag=eloabder-20&linkCode=osi&th=1&psc=1"><img src="https://m.media-amazon.com/images/I/41ktUSmtHAL._SL500_.jpg" alt="Product Image"></a><p>Oxford Spiral Notebooks, 6 Pack, 1 Subject, Wide Ruled Notebooks for School, 8 x 10.5 Inches, 70 Sheets, Assorted Pastel Colors, Back to School Supplies (63757)</p><p> -6% 0FF </p><p>$8.99</p><a href="https://www.amazon.com/dp/B08VF9VYLZ?tag=eloabder-20&linkCode=osi&th=1&psc=1">View Product</a></div>
<div class="product"><a href="https://www.amazon.com/dp/B0FDRCSXZH?tag=eloabder-20&linkCode=osi&th=1&psc=1"><img src="https://m.media-amazon.com/images/I/41rYztS-0zL._SL500_.jpg" alt="Product Image"></a><p>5pcs Small Note Pads, Color Notepads 5x8 College Ruled Notebook, Writing Pads 5 x 8, Legal Pads, Memo Pad Paper Perforate Narrow Ruled Notebooks for Work, School, Office Supplies,30 Sheets/Pack</p><p> -14% 0FF </p><p>$5.99</p><a href="https://www.amazon.com/dp/B0FDRCSXZH?tag=eloabder-20&linkCode=osi&th=1&psc=1">View Product</a></div><div class="product"><a href="https://www.amazon.com/dp/B0BZQNCV62?tag=eloabder-20&linkCode=osi&th=1&psc=1"><img src="https://m.media-amazon.com/images/I/41yNqvqCwoL._SL500_.jpg" alt="Product Image"></a><p>Alitte Legal Notepads 8.5 x 11, Pack of 12 - Perforated Wide Ruled Writing Pad - Premium Thick Paper, No Ink Bleeding - Blank Legal Pads For Home, Office, School, Business - 50 Sheets Per Notebook</p><p> -17% 0FF </p><p>$24.99</p><a href="https://www.amazon.com/dp/B0BZQNCV62?tag=eloabder-20&linkCode=osi&th=1&psc=1">View Product</a></div>
<div class="product"><a href="https://www.amazon.com/dp/B0C7S1PCX4?tag=eloabder-20&linkCode=osi&th=1&psc=1"><img src="https://m.media-amazon.com/images/I/41nVRBg2klL._SL500_.jpg" alt="Product Image"></a><p>Oxford 8.5 x 11 Legal Pads, 12 Pack, Wide Ruled, Yellow Paper, 50 Sheets Per Writing Pad, Made in the USA (74020)</p><p> -30% 0FF </p><p>$12.60</p><a href="https://www.amazon.com/dp/B0C7S1PCX4?tag=eloabder-20&linkCode=osi&th=1&psc=1">View Product</a></div><div class="product"><a href="https://www.amazon.com/dp/B0CGF22134?tag=eloabder-20&linkCode=osi&th=1&psc=1"><img src="https://m.media-amazon.com/images/I/41FzLgeXAyL._SL500_.jpg" alt="Product Image"></a><p>MSKKSM Legal Pads 8.5 x 11, 3 Pack Yellow Note Pads 8.5 x 11 Writing Pads, Wide Ruled Legal Notepads, Lined Pads of Paper Yellow Paper Pads, 30 Sheets Per Notepad for School, Home, Office, Business</p><p> -17% 0FF </p><p>$9.99</p><a href="https://www.amazon.com/dp/B0CGF22134?tag=eloabder-20&linkCode=osi&th=1&psc=1">View Product</a></div><div class="product"><a href="https://www.amazon.com/dp/B0FCMWHFC2?tag=eloabder-20&linkCode=osi&th=1&psc=1"><img src="https://m.media-amazon.com/images/I/41MMVFB-S4L._SL500_.jpg" alt="Product Image"></a><p>5pcs Legal Pads 8.5 x 11, Notepads 8.5 x 11 Inch, Color Note Pads Clear Print Writing Pads of Paper, Memo Pads , Perforate Legal Notepads Paper , Wide Ruled Lined with Sturdy Back,30 Sheets/Pack</p><p> -8% 0FF </p><p>$11.99</p><a href="https://www.amazon.com/dp/B0FCMWHFC2?tag=eloabder-20&linkCode=osi&th=1&psc=1">View Product</a></div>
<div class="product"><a href="https://www.amazon.com/dp/B08H593JZG?tag=eloabder-20&linkCode=osi&th=1&psc=1"><img src="https://m.media-amazon.com/images/I/415Ykzo-lyL._SL500_.jpg" alt="Product Image"></a><p>Eastern Wolf 8 Pads Sticky Notes 3x3 Self-Stick Notes 8 Bright Multi Colors Purple Sticky Notes, 85 Sheet/Pad</p><p> -20% 0FF </p><p>$5.59</p><a href="https://www.amazon.com/dp/B08H593JZG?tag=eloabder-20&linkCode=osi&th=1&psc=1">View Product</a></div><div class="product"><a href="https://www.amazon.com/dp/B0BPJW13CM?tag=eloabder-20&linkCode=osi&th=1&psc=1"><img src="https://m.media-amazon.com/images/I/41uKwTyz1rL._SL500_.jpg" alt="Product Image"></a><p>Post-it 100% Recycled Paper Super Sticky Notes, 2X The Sticking Power, 3x3 in, 5 Pads, 70 Sheets/Pad, Wanderlust Pastels Collection (654R-5SSNRP)</p><p> -33% 0FF </p><p>$5.98</p><a href="https://www.amazon.com/dp/B0BPJW13CM?tag=eloabder-20&linkCode=osi&th=1&psc=1">View Product</a></div><div class="product"><a href="https://www.amazon.com/dp/B0D6RPPK9H?tag=eloabder-20&linkCode=osi&th=1&psc=1"><img src="https://m.media-amazon.com/images/I/41O8zZ-RN4L._SL500_.jpg" alt="Product Image"></a><p>(18 Pads) Sticky Notes 3x3 inch, Self-Stick Pads Bright Colors Sticky Note, Recyclable, Easy to Post for Home, Office, Notebook</p><p> -40% 0FF </p><p>$8.39</p><a href="https://www.amazon.com/dp/B0D6RPPK9H?tag=eloabder-20&linkCode=osi&th=1&psc=1">View Product</a></div><div class="product"><a href="https://www.amazon.com/dp/B0CMGJ6FRB?tag=eloabder-20&linkCode=osi&th=1&psc=1"><img src="https://m.media-amazon.com/images/I/41xF9DqIGZL._SL500_.jpg" alt="Product Image"></a><p>Sticky Notes, 12 Pads, 3x3 inches, Soft Pastel Self-Stick Note Pads, Perfect for Office, Study, and Daily Life Organization - Soft Pastel</p><p> -16% 0FF </p><p>$5.06</p><a href="https://www.amazon.com/dp/B0CMGJ6FRB?tag=eloabder-20&linkCode=osi&th=1&psc=1">View Product</a></div>
<div class="product"><a href="https://www.amazon.com/dp/B07VRYX57R?tag=eloabder-20&linkCode=osi&th=1&psc=1"><img src="https://m.media-amazon.com/images/I/410XbLRqukL._SL500_.jpg" alt="Product Image"></a><p>(24 Pack) Sticky Notes 3x3 in Post Bright Stickies Colorful Super Sticking Power Memo Pads, Strong Adhesive, 74 Sheets/pad</p><p> -35% 0FF </p><p>$16.99</p><a href="https://www.amazon.com/dp/B07VRYX57R?tag=eloabder-20&linkCode=osi&th=1&psc=1">View Product</a></div><div class="product"><a href="https://www.amazon.com/dp/B00QSR9PRI?tag=eloabder-20&linkCode=osi&th=1&psc=1"><img src="https://m.media-amazon.com/images/I/31n-YNlgraL._SL500_.jpg" alt="Product Image"></a><p>Amazon Basics Narrow Ruled Lined Writing Note Pad, 5 inch x 8 inch, White, 12 Count (12 Pack of 50 pages)</p><p> -6% 0FF </p><p>$8.78</p><a href="https://www.amazon.com/dp/B00QSR9PRI?tag=eloabder-20&linkCode=osi&th=1&psc=1">View Product</a></div><div class="product"><a href="https://www.amazon.com/dp/B0D5M4D3NN?tag=eloabder-20&linkCode=osi&th=1&psc=1"><img src="https://m.media-amazon.com/images/I/41uzPvHBCDL._SL500_.jpg" alt="Product Image"></a><p>(12 Pack) Lined Sticky Notes 4x6 in Ruled Stickies Super Sticking Power Memo Pads Bright Colors</p><p> -40% 0FF </p><p>$8.98</p><a href="https://www.amazon.com/dp/B0D5M4D3NN?tag=eloabder-20&linkCode=osi&th=1&psc=1">View Product</a></div><div class="product"><a href="https://www.amazon.com/dp/B0CQK3M5VK?tag=eloabder-20&linkCode=osi&th=1&psc=1"><img src="https://m.media-amazon.com/images/I/31jKEzc1qFL._SL500_.jpg" alt="Product Image"></a><p>Note Pads 4x6 Inch, 6 Pack Blank Scratch Pads, 50 Sheets Per Memo Pad for Writing, White Pad of Paper Suit for Home, Office and School, Tear off Notepad, Small Server Notebook</p><p> -10% 0FF </p><p>$6.29</p><a href="https://www.amazon.com/dp/B0CQK3M5VK?tag=eloabder-20&linkCode=osi&th=1&psc=1">View Product</a></div>
<div class="product"><a href="https://www.amazon.com/dp/B0F5D4VNBX?tag=eloabder-20&linkCode=osi&th=1&psc=1"><img src="https://m.media-amazon.com/images/I/41SnXbixNcL._SL500_.jpg" alt="Product Image"></a><p>Blue Sky 2026 Weekly and Monthly Planner Calendar, Includes January 2026 - December 2026, 5" x 8", Flexible Cover, Wirebound, Laminated Tabs, Enterprise</p><p> -10% 0FF </p><p>$8.99</p><a href="https://www.amazon.com/dp/B0F5D4VNBX?tag=eloabder-20&linkCode=osi&th=1&psc=1">View Product</a></div><div class="product"><a href="https://www.amazon.com/dp/B0FRNQDRCR?tag=eloabder-20&linkCode=osi&th=1&psc=1"><img src="https://m.media-amazon.com/images/I/51rBf1oJchL._SL500_.jpg" alt="Product Image"></a><p>Essential PRO 2026 Daily, Weekly & Monthly Planner, 7"x9": 14 Months (Nov 2025 - Dec 2026) Monthly Tabs,Daily Tracking,Notes Pages,Storage Pocket,Bookmark w Sticky Notes (Tree Seasons)</p><p> -14% 0FF </p><p>$29.95</p><a href="https://www.amazon.com/dp/B0FRNQDRCR?tag=eloabder-20&linkCode=osi&th=1&psc=1">View Product</a></div><div class="product"><a href="https://www.amazon.com/dp/B0DYBQWJ5S?tag=eloabder-20&linkCode=osi&th=1&psc=1"><img src="https://m.media-amazon.com/images/I/41UP6Ui7BjL._SL500_.jpg" alt="Product Image"></a><p>AT-A-GLANCE 2026 Appointment Book Planner, Weekly, 8" x 11", Large, Quarter-Hourly, DayMinder, Black (G5200026)</p><p> -45% 0FF </p><p>$15.87</p><a href="https://www.amazon.com/dp/B0DYBQWJ5S?tag=eloabder-20&linkCode=osi&th=1&psc=1">View Product</a></div><div class="product"><a href="https://www.amazon.com/dp/B0DJ8SXCR4?tag=eloabder-20&linkCode=osi&th=1&psc=1"><img src="https://m.media-amazon.com/images/I/41sRmmLvCsL._SL500_.jpg" alt="Product Image"></a><p>Planner 2025-2026, Weekly and Monthly Calendar Academic Planner (July 2025 - June 2026), Hardcover Teacher School Student Agenda with Tabs, Ideal for School Office Supplies, A5 (6.3" x 8.5") - Green</p><p> -25% 0FF </p><p>$8.99</p><a href="https://www.amazon.com/dp/B0DJ8SXCR4?tag=eloabder-20&linkCode=osi&th=1&psc=1">View Product</a></div><div class="product"><a href="https://www.amazon.com/dp/B0D2VW43KP?tag=eloabder-20&linkCode=osi&th=1&psc=1"><img src="https://m.media-amazon.com/images/I/41eyA1Q1U4L._SL500_.jpg" alt="Product Image"></a><p>Forvencer 2026 Planner, Hardcover Calendar Planner Weekly and Monthly, January 2026 - December 2026, 8.5" x 11", Spiral Agenda Book with Tabs, Exquisite Daily Journal with Inner Pocket, Organizer Notebook for Office Home School, A4 Size, Green</p><p> -41% 0FF </p><p>$9.99</p><a href="https://www.amazon.com/dp/B0D2VW43KP?tag=eloabder-20&linkCode=osi&th=1&psc=1">View Product</a></div>
<div class="product"><a href="https://www.amazon.com/dp/B0DYBYRY3R?tag=eloabder-20&linkCode=osi&th=1&psc=1"><img src="https://m.media-amazon.com/images/I/41oxPcKnCuL._SL500_.jpg" alt="Product Image"></a><p>AT-A-GLANCE 2026 Desk Calendar, Monthly, Desk Pad, 21-3/4" x 17", Large, Ruled Blocks (SK240026)</p><p> -19% 0FF </p><p>$11.89</p><a href="https://www.amazon.com/dp/B0DYBYRY3R?tag=eloabder-20&linkCode=osi&th=1&psc=1">View Product</a></div><div class="product"><a href="https://www.amazon.com/dp/B0DXQ416QR?tag=eloabder-20&linkCode=osi&th=1&psc=1"><img src="https://m.media-amazon.com/images/I/41o3YUjfIVL._SL500_.jpg" alt="Product Image"></a><p>Aesthetic 2025-2026 Wall Calendar - Runs from May 2025 Until December 2026 - The Perfect Modern Calendar Planner for Easy Organizing</p><p> -43% 0FF </p><p>$3.99</p><a href="https://www.amazon.com/dp/B0DXQ416QR?tag=eloabder-20&linkCode=osi&th=1&psc=1">View Product</a></div><div class="product"><a href="https://www.amazon.com/dp/B0CCRXKSK8?tag=eloabder-20&linkCode=osi&th=1&psc=1"><img src="https://m.media-amazon.com/images/I/51eOdkimr+L._SL500_.jpg" alt="Product Image"></a><p>SUNEE Wall Calendar 2025-2026 Large 22.75"x15.5", 21 Month Calendar from October 2025 to June 2027, Vertical Extra Large Monthly Calendar 2026 for Wall, Seasons Color</p><p> -24% 0FF </p><p>$15.19</p><a href="https://www.amazon.com/dp/B0CCRXKSK8?tag=eloabder-20&linkCode=osi&th=1&psc=1">View Product</a></div><div class="product"><a href="https://www.amazon.com/dp/B0F7HZ7C9G?tag=eloabder-20&linkCode=osi&th=1&psc=1"><img src="https://m.media-amazon.com/images/I/41rkKO18HGL._SL500_.jpg" alt="Product Image"></a><p>Beautiful 2025-2026 Wall Calendar - Runs from July 2025 until December 2026 – Large 14.5" x 11.5" Office Wall Calendar for Easy Organizing</p><p> -10% 0FF </p><p>$8.99</p><a href="https://www.amazon.com/dp/B0F7HZ7C9G?tag=eloabder-20&linkCode=osi&th=1&psc=1">View Product</a></div><div class="product"><a href="https://www.amazon.com/dp/B0DYDC7ZLV?tag=eloabder-20&linkCode=osi&th=1&psc=1"><img src="https://m.media-amazon.com/images/I/51MOLWJ45HL._SL500_.jpg" alt="Product Image"></a><p>XISIDO 2025-2026 Wall Calendar, Calendar 2025-2026, 18 Month Calendar July 2025 - December 2026, 14.8" X 11.5", Calendar with Twin-Wire Binding, Hanging Hook and Julian Dates (Seasonal Designs)</p><p> -20% 0FF </p><p>$7.99</p><a href="https://www.amazon.com/dp/B0DYDC7ZLV?tag=eloabder-20&linkCode=osi&th=1&psc=1">View Product</a></div><div class="product"><a href="https://www.amazon.com/dp/B0D2KCVBBD?tag=eloabder-20&linkCode=osi&th=1&psc=1"><img src="https://m.media-amazon.com/images/I/51Eg-3ZKZxL._SL500_.jpg" alt="Product Image"></a><p>XISIDO Calendar 2025-2026, 18 Months Wall Calendar July 2025 to Dec 2026 Calendar with Julian Dates, 11" X 8.5" (Colorful)</p><p> -33% 0FF </p><p>$3.99</p><a href="https://www.amazon.com/dp/B0D2KCVBBD?tag=eloabder-20&linkCode=osi&th=1&psc=1">View Product</a></div><div class="product"><a href="https://www.amazon.com/dp/B0DY7R9226?tag=eloabder-20&linkCode=osi&th=1&psc=1"><img src="https://m.media-amazon.com/images/I/41eTUjCfzFL._SL500_.jpg" alt="Product Image"></a><p>Lbylyhxc Wall Calendar 2025-2026 - Runs from July 2025 to December 2026-18 Monthly Calendar 2026. Thick Paper includes major holidays and dedicated space for notes and important dates (Colorful Calendar 2025-2026)</p><p> -50% 0FF </p><p>$2.49</p><a href="https://www.amazon.com/dp/B0DY7R9226?tag=eloabder-20&linkCode=osi&th=1&psc=1">View Product</a></div>
<div class="product"><a href="https://www.amazon.com/dp/B00NI5LVAW?tag=eloabder-20&linkCode=osi&th=1&psc=1"><img src="https://m.media-amazon.com/images/I/31X0RgqQ1ML._SL500_.jpg" alt="Product Image"></a><p>Pendaflex File Folders, Letter Size, 1/3 Cut, Manila, 250 per Box (752250)</p><p> -11% 0FF </p><p>$26.50</p><a href="https://www.amazon.com/dp/B00NI5LVAW?tag=eloabder-20&linkCode=osi&th=1&psc=1">View Product</a></div><div class="product"><a href="https://www.amazon.com/dp/B0D1YBFHS8?tag=eloabder-20&linkCode=osi&th=1&psc=1"><img src="https://m.media-amazon.com/images/I/41qkHxiS+vL._SL500_.jpg" alt="Product Image"></a><p>SUNEE File Folders, 30 Pack Manilla Folders 8.5 x 11, Colored File Folders Home Office School Supplies for Documents Files Paper, 6 Assorted Colors</p><p> -26% 0FF </p><p>$9.99</p><a href="https://www.amazon.com/dp/B0D1YBFHS8?tag=eloabder-20&linkCode=osi&th=1&psc=1">View Product</a></div><div class="product"><a href="https://www.amazon.com/dp/B000DZ9XGO?tag=eloabder-20&linkCode=osi&th=1&psc=1"><img src="https://m.media-amazon.com/images/I/31WKzTB-4WL._SL500_.jpg" alt="Product Image"></a><p>Oxford Two-Pocket Folders, Assorted Colors, Letter Size, 25 per box (57513)</p><p> -32% 0FF </p><p>$12.23</p><a href="https://www.amazon.com/dp/B000DZ9XGO?tag=eloabder-20&linkCode=osi&th=1&psc=1">View Product</a></div><div class="product"><a href="https://www.amazon.com/dp/B0F8H75MLS?tag=eloabder-20&linkCode=osi&th=1&psc=1"><img src="https://m.media-amazon.com/images/I/41GV18+8+zL._SL500_.jpg" alt="Product Image"></a><p>Plastic Folders with Pockets, 6 Pack Document Folders with Business Card Slot, 2 Pocket Folders Back to School Supplies for Kids, Office</p><p> -33% 0FF </p><p>$5.99</p><a href="https://www.amazon.com/dp/B0F8H75MLS?tag=eloabder-20&linkCode=osi&th=1&psc=1">View Product</a></div><div class="product"><a href="https://www.amazon.com/dp/B0CPDTKFVF?tag=eloabder-20&linkCode=osi&th=1&psc=1"><img src="https://m.media-amazon.com/images/I/41PQ8ToLyhL._SL500_.jpg" alt="Product Image"></a><p>Aegero Plastic Folders with Pockets (7 Pack, Assorted Colors), Durable Heavy Duty File Folders with Business Card Slot, 2-Pocket Folder for Schoolwork & Office,Letter Size…</p><p> -11% 0FF </p><p>$7.99</p><a href="https://www.amazon.com/dp/B0CPDTKFVF?tag=eloabder-20&linkCode=osi&th=1&psc=1">View Product</a></div>
<div class="product"><a href="https://www.amazon.com/dp/B0CSPT4RFH?tag=eloabder-20&linkCode=osi&th=1&psc=1"><img src="https://m.media-amazon.com/images/I/31O8kdFg7FL._SL500_.jpg" alt="Product Image"></a><p>Two Tone Color File Folders 8.5 x 11 Inch, 1/3 Cut Tab File Folders Letter Size, Assorted Colors, Blue Red Green Yellow Orange Manila File Folders, School Business Office Folders for Document -15 Pack</p><p> -13% 0FF </p><p>$6.99</p><a href="https://www.amazon.com/dp/B0CSPT4RFH?tag=eloabder-20&linkCode=osi&th=1&psc=1">View Product</a></div><div class="product"><a href="https://www.amazon.com/dp/B01MXC0YS5?tag=eloabder-20&linkCode=osi&th=1&psc=1"><img src="https://m.media-amazon.com/images/I/41YLerNwKTL._SL500_.jpg" alt="Product Image"></a><p>Pendaflex Hanging File Folders, Letter Size, Assorted Colors, 1/5-Cut Adjustable Tabs, 25 Per Box (81663)</p><p> -7% 0FF </p><p>$13.99</p><a href="https://www.amazon.com/dp/B01MXC0YS5?tag=eloabder-20&linkCode=osi&th=1&psc=1">View Product</a></div><div class="product"><a href="https://www.amazon.com/dp/B0896Q5MMC?tag=eloabder-20&linkCode=osi&th=1&psc=1"><img src="https://m.media-amazon.com/images/I/41jDOLSqtWL._SL500_.jpg" alt="Product Image"></a><p>Pendaflex Two Tone Color File Folders, Letter Size, Assorted Colors (Teal, Violet, Gray, Navy and Burgundy), 1/3-Cut Tabs, 5 Color, 100/Box, (02315)</p><p> -27% 0FF </p><p>$13.89</p><a href="https://www.amazon.com/dp/B0896Q5MMC?tag=eloabder-20&linkCode=osi&th=1&psc=1">View Product</a></div><div class="product"><a href="https://www.amazon.com/dp/B0D1YCC6KK?tag=eloabder-20&linkCode=osi&th=1&psc=1"><img src="https://m.media-amazon.com/images/I/31aHHvZVc+L._SL500_.jpg" alt="Product Image"></a><p>SUNEE File Folders, 30 Pack Manilla Folders 8.5 x 11, Colored File Folders Home Office School Supplies for Documents Files Paper,6 Pastel Colors</p><p> -26% 0FF </p><p>$9.99</p><a href="https://www.amazon.com/dp/B0D1YCC6KK?tag=eloabder-20&linkCode=osi&th=1&psc=1">View Product</a></div>
<div class="product"><a href="https://www.amazon.com/dp/B0FGXLHFDD?tag=eloabder-20&linkCode=osi&th=1&psc=1"><img src="https://m.media-amazon.com/images/I/414ng1TKsOL._SL500_.jpg" alt="Product Image"></a><p>Trandraft Plastic Extra Capacity Hanging File Folders, 5 Inch Expanding Pocket with Movable Dividers, Letter Size Black File Folders with Insertable Tabs for Filing Cabine</p><p> -5% 0FF </p><p>$18.99</p><a href="https://www.amazon.com/dp/B0FGXLHFDD?tag=eloabder-20&linkCode=osi&th=1&psc=1">View Product</a></div><div class="product"><a href="https://www.amazon.com/dp/B08QTW4GJT?tag=eloabder-20&linkCode=osi&th=1&psc=1"><img src="https://m.media-amazon.com/images/I/41OVgNttdnL._SL500_.jpg" alt="Product Image"></a><p>Pendaflex Reinforced Hanging Folders, Letter Size, Assorted Colors 1/5 Cut, Tabs and Inserts, 25 Per Box (41522AMZ)</p><p> -32% 0FF </p><p>$13.99</p><a href="https://www.amazon.com/dp/B08QTW4GJT?tag=eloabder-20&linkCode=osi&th=1&psc=1">View Product</a></div><div class="product"><a href="https://www.amazon.com/dp/B07Y67ZCJS?tag=eloabder-20&linkCode=osi&th=1&psc=1"><img src="https://m.media-amazon.com/images/I/51g37Wkw2CL._SL500_.jpg" alt="Product Image"></a><p>EASEPRES 5 Pocket Mesh Hanging Wall File Organizer, Wall Mounted Mail Paper Document Folder Holder, Clipboard Storage Organization Magazine Rack with Nametag Label for Office Home School, Black</p><p> -30% 0FF </p><p>$22.99</p><a href="https://www.amazon.com/dp/B07Y67ZCJS?tag=eloabder-20&linkCode=osi&th=1&psc=1">View Product</a></div><div class="product"><a href="https://www.amazon.com/dp/B0CGWNNBCV?tag=eloabder-20&linkCode=osi&th=1&psc=1"><img src="https://m.media-amazon.com/images/I/31SGzCfPDcL._SL500_.jpg" alt="Product Image"></a><p>SUNEE 25 Count Hanging File Folders, Pastel Colors, Hanging File Folders Letter Size, Hanging Folders with 1/5-cut Tabs, Designed for Bulky Files, Filing Cabinets, Medical Charts</p><p> -15% 0FF </p><p>$16.99</p><a href="https://www.amazon.com/dp/B0CGWNNBCV?tag=eloabder-20&linkCode=osi&th=1&psc=1">View Product</a></div><div class="product"><a href="https://www.amazon.com/dp/B00006IF4G?tag=eloabder-20&linkCode=osi&th=1&psc=1"><img src="https://m.media-amazon.com/images/I/31LuYqWSObL._SL500_.jpg" alt="Product Image"></a><p>Smead Standard Hanging File Folders, 25 Count, Assorted Primaries, 1/5-Cut Adjustable Tabs, Letter Size (64059)</p><p> -7% 0FF </p><p>$13.55</p><a href="https://www.amazon.com/dp/B00006IF4G?tag=eloabder-20&linkCode=osi&th=1&psc=1">View Product</a></div>
<div class="product"><a href="https://www.amazon.com/dp/B0C77GP9XB?tag=eloabder-20&linkCode=osi&th=1&psc=1"><img src="https://m.media-amazon.com/images/I/415Jszg3LKL._SL500_.jpg" alt="Product Image"></a><p>SKYDUE Expanding File Organizer with 8 Pockets, Accordion File Folders with Labels, Portable Document Paper Bill Receipt Organizer, Home College School Office Supplies, Letter Size, Blue</p><p> -13% 0FF </p><p>$6.98</p><a href="https://www.amazon.com/dp/B0C77GP9XB?tag=eloabder-20&linkCode=osi&th=1&psc=1">View Product</a></div><div class="product"><a href="https://www.amazon.com/dp/B0013CETUQ?tag=eloabder-20&linkCode=osi&th=1&psc=1"><img src="https://m.media-amazon.com/images/I/51GxTzd4XbL._SL500_.jpg" alt="Product Image"></a><p>Pendaflex R217DHD Heavy-Duty Expanding Open Top File, 31 Pockets, 1/3 Tab, Letter, Brown</p><p> -36% 0FF </p><p>$15.90</p><a href="https://www.amazon.com/dp/B0013CETUQ?tag=eloabder-20&linkCode=osi&th=1&psc=1">View Product</a></div><div class="product"><a href="https://www.amazon.com/dp/B000UHJCZC?tag=eloabder-20&linkCode=osi&th=1&psc=1"><img src="https://m.media-amazon.com/images/I/31bbG1gUU2L._SL500_.jpg" alt="Product Image"></a><p>Pendaflex Expanding File Pockets, Letter Size, Redrope, 3.5" Expansion, Reinforced with DuPont™ Tyvek® Material, Redrope, 25 per Box (1524E-OX)</p><p> -9% 0FF </p><p>$27.37</p><a href="https://www.amazon.com/dp/B000UHJCZC?tag=eloabder-20&linkCode=osi&th=1&psc=1">View Product</a></div><div class="product"><a href="https://www.amazon.com/dp/B000FD9YHM?tag=eloabder-20&linkCode=osi&th=1&psc=1"><img src="https://m.media-amazon.com/images/I/511Yz6zbRaL._SL500_.jpg" alt="Product Image"></a><p>Pendaflex Heavy Duty Expanding File with Extra-Thick Cover, Tyvek Reinforced Edges, 21 Pockets, A–Z Tabs, Elastic Cord Closure, Letter Size (R117ALHD),Brown</p><p> -14% 0FF </p><p>$14.99</p><a href="https://www.amazon.com/dp/B000FD9YHM?tag=eloabder-20&linkCode=osi&th=1&psc=1">View Product</a></div>
<div class="product"><a href="https://www.amazon.com/dp/B07GKPZDG4?tag=eloabder-20&linkCode=osi&th=1&psc=1"><img src="https://m.media-amazon.com/images/I/51sUuF8kU-L._SL500_.jpg" alt="Product Image"></a><p>Cardinal Economy 3 Ring Binder, 1.5 Inch, Presentation View, Black, Holds 350 Sheets, Nonstick, PVC Free, 4 Pack of Binders (79519)</p><p> -42% 0FF </p><p>$9.19</p><a href="https://www.amazon.com/dp/B07GKPZDG4?tag=eloabder-20&linkCode=osi&th=1&psc=1">View Product</a></div><div class="product"><a href="https://www.amazon.com/dp/B0BF57LL4V?tag=eloabder-20&linkCode=osi&th=1&psc=1"><img src="https://m.media-amazon.com/images/I/317fBolZ+4L._SL500_.jpg" alt="Product Image"></a><p>1-inch 3 Ring Binder with 2 Interior Pockets, 1'' Basic Binders Holds US Letter Size 8.5'' x 11'' Paper - Versatile Binders for Office, Home, and School Use, 6 Pack (White)</p><p> -15% 0FF </p><p>$24.64</p><a href="https://www.amazon.com/dp/B0BF57LL4V?tag=eloabder-20&linkCode=osi&th=1&psc=1">View Product</a></div><div class="product"><a href="https://www.amazon.com/dp/B0BXKQ7YTW?tag=eloabder-20&linkCode=osi&th=1&psc=1"><img src="https://m.media-amazon.com/images/I/416TyBdEZYL._SL500_.jpg" alt="Product Image"></a><p>SUNEE 3 Ring Binder 1 Inch 4 Pack, Clear View 1" Binders Three Ring PVC-Free (Fit 8.5x11 Inches) for School or Office Supplies, Assorted Pastel</p><p> -17% 0FF </p><p>$14.85</p><a href="https://www.amazon.com/dp/B0BXKQ7YTW?tag=eloabder-20&linkCode=osi&th=1&psc=1">View Product</a></div><div class="product"><a href="https://www.amazon.com/dp/B0D2ZF8FHZ?tag=eloabder-20&linkCode=osi&th=1&psc=1"><img src="https://m.media-amazon.com/images/I/31smaJgK7vL._SL500_.jpg" alt="Product Image"></a><p>BinderX Extra Durable 3 Ring Binder, Round Rings 1 Inch Binder, Fits 175 Sheets of 8.5x11 Paper, Customizable View Cover with Inside Pockets, Cute 1" Binders, 1 Inch Binders 3 Ring, Pink</p><p> -36% 0FF </p><p>$8.99</p><a href="https://www.amazon.com/dp/B0D2ZF8FHZ?tag=eloabder-20&linkCode=osi&th=1&psc=1">View Product</a></div><div class="product"><a href="https://www.amazon.com/dp/B001B0GJDU?tag=eloabder-20&linkCode=osi&th=1&psc=1"><img src="https://m.media-amazon.com/images/I/41vpkaYBqsL._SL500_.jpg" alt="Product Image"></a><p>Avery Heavy-Duty View 3 Ring Binder, 1" One Touch Slant Rings, Holds 8.5" x 11" Paper, 1 Black Binder (05300)</p><p> -46% 0FF </p><p>$5.89</p><a href="https://www.amazon.com/dp/B001B0GJDU?tag=eloabder-20&linkCode=osi&th=1&psc=1">View Product</a></div>
<div class="product"><a href="https://www.amazon.com/dp/B092CM3KVX?tag=eloabder-20&linkCode=osi&th=1&psc=1"><img src="https://m.media-amazon.com/images/I/51kltWaLgmL._SL500_.jpg" alt="Product Image"></a><p>Avery Write & Erase Dividers for 3 Ring Binders, 8 Tabs per Set, Multicolor Big Tabs, Pastels, Binder Dividers Great for Organizing Reports, Projects, and More (16271)</p><p> -31% 0FF </p><p>$3.90</p><a href="https://www.amazon.com/dp/B092CM3KVX?tag=eloabder-20&linkCode=osi&th=1&psc=1">View Product</a></div><div class="product"><a href="https://www.amazon.com/dp/B08WBYPVGJ?tag=eloabder-20&linkCode=osi&th=1&psc=1"><img src="https://m.media-amazon.com/images/I/31NPQ52TfAL._SL500_.jpg" alt="Product Image"></a><p>Oxford Blank Write On Binder Dividers, 1/5 Cut Tabs, 3 Hole Punch Dividers in 5 Tab Sets, 100 Dividers, 20 Sets, White (89981)</p><p> -5% 0FF </p><p>$15.19</p><a href="https://www.amazon.com/dp/B08WBYPVGJ?tag=eloabder-20&linkCode=osi&th=1&psc=1">View Product</a></div><div class="product"><a href="https://www.amazon.com/dp/B0CZL39ZHS?tag=eloabder-20&linkCode=osi&th=1&psc=1"><img src="https://m.media-amazon.com/images/I/41APO6LBeCL._SL500_.jpg" alt="Product Image"></a><p>Forvencer 8 Count Dividers with Two Pockets, 8 tabs Binder Dividers for 3 Ring Binder Organizer, Multicolor, 1 Set</p><p> -25% 0FF </p><p>$5.99</p><a href="https://www.amazon.com/dp/B0CZL39ZHS?tag=eloabder-20&linkCode=osi&th=1&psc=1">View Product</a></div><div class="product"><a href="https://www.amazon.com/dp/B01FKMCNL6?tag=eloabder-20&linkCode=osi&th=1&psc=1"><img src="https://m.media-amazon.com/images/I/510vgT9G85L._SL500_.jpg" alt="Product Image"></a><p>Avery Binder Dividers - 5-Tab Insertable Multicolor Big Tabs for Binders, 6 Sets of Dividers (11109)</p><p> -11% 0FF </p><p>$5.78</p><a href="https://www.amazon.com/dp/B01FKMCNL6?tag=eloabder-20&linkCode=osi&th=1&psc=1">View Product</a></div><div class="product"><a href="https://www.amazon.com/dp/B0CQ4YNHX8?tag=eloabder-20&linkCode=osi&th=1&psc=1"><img src="https://m.media-amazon.com/images/I/315hb+NtGGL._SL500_.jpg" alt="Product Image"></a><p>Binder Dividers for 3 Ring Binder, 1/5 Cut Tabs, Letter Size, Blank Write On Page Dividers with 5 Big Tabs for School Office Home, 4 Sets, 20 Dividers, White</p><p> -14% 0FF </p><p>$5.98</p><a href="https://www.amazon.com/dp/B0CQ4YNHX8?tag=eloabder-20&linkCode=osi&th=1&psc=1">View Product</a></div><div class="product"><a href="https://www.amazon.com/dp/B01HC4KIVW?tag=eloabder-20&linkCode=osi&th=1&psc=1"><img src="https://m.media-amazon.com/images/I/412g1OcKv-L._SL500_.jpg" alt="Product Image"></a><p>Avery Big Tab Write & Erase Durable Plastic Dividers for 3 Ring Binders, 8-Tab Set, Bright Multicolor, 1 Set (16130)</p><p> -23% 0FF </p><p>$4.33</p><a href="https://www.amazon.com/dp/B01HC4KIVW?tag=eloabder-20&linkCode=osi&th=1&psc=1">View Product</a></div><div class="product"><a href="https://www.amazon.com/dp/B0000AQOB0?tag=eloabder-20&linkCode=osi&th=1&psc=1"><img src="https://m.media-amazon.com/images/I/51ek4ZNke4L._SL500_.jpg" alt="Product Image"></a><p>Avery 12 Tab Dividers for 3 Ring Binders, Customizable Table of Contents, Multicolor Tabs, 6 Sets (11196)</p><p> -36% 0FF </p><p>$17.99</p><a href="https://www.amazon.com/dp/B0000AQOB0?tag=eloabder-20&linkCode=osi&th=1&psc=1">View Product</a></div>
<div class="product"><a href="https://www.amazon.com/dp/B07R795LTM?tag=eloabder-20&linkCode=osi&th=1&psc=1"><img src="https://m.media-amazon.com/images/I/31OAmU6E5kL._SL500_.jpg" alt="Product Image"></a><p>Amazon Basics Polypropylene (PP) Sheet Protector, Non-Glare, 200 Pack, Clear</p><p> -13% 0FF </p><p>$10.40</p><a href="https://www.amazon.com/dp/B07R795LTM?tag=eloabder-20&linkCode=osi&th=1&psc=1">View Product</a></div><div class="product"><a href="https://www.amazon.com/dp/B0D62ZBV24?tag=eloabder-20&linkCode=osi&th=1&psc=1"><img src="https://m.media-amazon.com/images/I/41n9XbYoyhL._SL500_.jpg" alt="Product Image"></a><p>Aegero 65 Pack Clear Sheet Protectors, 8.5 x 11 inch Page Protectors for 3 Ring Binder,Top Loading Paper Protector for Documents and Photos,Letter Size</p><p> -20% 0FF </p><p>$3.99</p><a href="https://www.amazon.com/dp/B0D62ZBV24?tag=eloabder-20&linkCode=osi&th=1&psc=1">View Product</a></div><div class="product"><a href="https://www.amazon.com/dp/B08CMG5MCB?tag=eloabder-20&linkCode=osi&th=1&psc=1"><img src="https://m.media-amazon.com/images/I/410BZVBSLLL._SL500_.jpg" alt="Product Image"></a><p>Sheet Protectors, PANDRI 500 Pack Clear Heavy Duty Plastic Page Protectors Sheet Reinforced 11-Hole Fit for 3 Ring Binder Fits Standard 8.5 x 11 Paper, 9.25 x 11.25 Top Loaded, Excluding Acid</p><p> -15% 0FF </p><p>$22.94</p><a href="https://www.amazon.com/dp/B08CMG5MCB?tag=eloabder-20&linkCode=osi&th=1&psc=1">View Product</a></div><div class="product"><a href="https://www.amazon.com/dp/B0DZ6J73VW?tag=eloabder-20&linkCode=osi&th=1&psc=1"><img src="https://m.media-amazon.com/images/I/41NNzcs8bsL._SL500_.jpg" alt="Product Image"></a><p>TUOKCALB 50 Pack Clear Sheet Protectors for 3 Ring Binder, Polypropylene Acid-Free Material, 8.5 x 11 Inch Letter Size, Protector of Your Documents</p><p> -18% 0FF </p><p>$3.29</p><a href="https://www.amazon.com/dp/B0DZ6J73VW?tag=eloabder-20&linkCode=osi&th=1&psc=1">View Product</a></div><div class="product"><a href="https://www.amazon.com/dp/B0D294F9GZ?tag=eloabder-20&linkCode=osi&th=1&psc=1"><img src="https://m.media-amazon.com/images/I/41szN7I4ozL._SL500_.jpg" alt="Product Image"></a><p>Sheet Protectors 8.5 x11 Inch, 100 Pack Page Protectors for 3 Ring Binder, Top Loading Plastic Sleeves with Reinforced 3-Hole Punch for Binders, Letter Size, for Documents and Photos, Office Supplies.</p><p> -23% 0FF </p><p>$9.99</p><a href="https://www.amazon.com/dp/B0D294F9GZ?tag=eloabder-20&linkCode=osi&th=1&psc=1">View Product</a></div><div class="product"><a href="https://www.amazon.com/dp/B0D59XF4D3?tag=eloabder-20&linkCode=osi&th=1&psc=1"><img src="https://m.media-amazon.com/images/I/41EpBhN87iL._SL500_.jpg" alt="Product Image"></a><p>DOSEWART 70Pack Sheet Protectors, Clear Heavy Duty Plastic Page Protectors for 3 Ring Binder, Top Loading Sheet Protectors 8.5 x 11” for Photo, Paper, Document Protector</p><p> -43% 0FF </p><p>$3.99</p><a href="https://www.amazon.com/dp/B0D59XF4D3?tag=eloabder-20&linkCode=osi&th=1&psc=1">View Product</a></div>
<div class="product"><a href="https://www.amazon.com/dp/B000T9MP5U?tag=eloabder-20&linkCode=osi&th=1&psc=1"><img src="https://m.media-amazon.com/images/I/41zOycTbMML._SL500_.jpg" alt="Product Image"></a><p>Mead #10 Security Business Envelopes Letter Size 4-1/8" x 9-1/2" – Peel and Seal, Privacy Lined, No-Window, Press-It Seal-It Self-Adhesive for Home & Office Mailing, 45 Count (75026)</p><p> -13% 0FF </p><p>$3.57</p><a href="https://www.amazon.com/dp/B000T9MP5U?tag=eloabder-20&linkCode=osi&th=1&psc=1">View Product</a></div><div class="product"><a href="https://www.amazon.com/dp/B06VVLD2GL?tag=eloabder-20&linkCode=osi&th=1&psc=1"><img src="https://m.media-amazon.com/images/I/11zBoWnx9uL._SL500_.jpg" alt="Product Image"></a><p>Amazon Basics 10 Security-Tinted Self-Seal Business Letter Envelopes, Peel & Seal Adhesive Closure, White, 500-Pack</p><p> -5% 0FF </p><p>$18.04</p><a href="https://www.amazon.com/dp/B06VVLD2GL?tag=eloabder-20&linkCode=osi&th=1&psc=1">View Product</a></div><div class="product"><a href="https://www.amazon.com/dp/B07FMDV5LR?tag=eloabder-20&linkCode=osi&th=1&psc=1"><img src="https://m.media-amazon.com/images/I/41jTu3FDgaL._SL500_.jpg" alt="Product Image"></a><p>Quality Park #6 3/4 Self-Seal Security Envelopes, Security Tint and Pattern, Redi-Strip Closure, 24-lb White Wove, 3-5/8 x 6-1/2, 100/Box (QUA10417)</p><p> -23% 0FF </p><p>$4.99</p><a href="https://www.amazon.com/dp/B07FMDV5LR?tag=eloabder-20&linkCode=osi&th=1&psc=1">View Product</a></div>
<div class="product"><a href="https://www.amazon.com/dp/B00004Z5SM?tag=eloabder-20&linkCode=osi&th=1&psc=1"><img src="https://m.media-amazon.com/images/I/41LHX+FB2PL._SL500_.jpg" alt="Product Image"></a><p>Avery Easy Peel Printable Address Labels with Sure Feed, 1" x 2-5/8" Customizable Stickers, White, 750 Blank Mailing Labels, Great for Mailing, Shipping, and More (8160)</p><p> -48% 0FF </p><p>$8.99</p><a href="https://www.amazon.com/dp/B00004Z5SM?tag=eloabder-20&linkCode=osi&th=1&psc=1">View Product</a></div><div class="product"><a href="https://www.amazon.com/dp/B089LHX8Q6?tag=eloabder-20&linkCode=osi&th=1&psc=1"><img src="https://m.media-amazon.com/images/I/41+HcHENwbL._SL500_.jpg" alt="Product Image"></a><p>KKBESTPACK Half Sheet Shipping Labels for Laser and Inkjet Printers – 2 Per Page Self Adhesive Mailing Labels – White 8.5 x 5.5 (200 Labels) (2LP)</p><p> -10% 0FF </p><p>$9.86</p><a href="https://www.amazon.com/dp/B089LHX8Q6?tag=eloabder-20&linkCode=osi&th=1&psc=1">View Product</a></div><div class="product"><a href="https://www.amazon.com/dp/B001SN8ITI?tag=eloabder-20&linkCode=osi&th=1&psc=1"><img src="https://m.media-amazon.com/images/I/51vJip236KL._SL500_.jpg" alt="Product Image"></a><p>Avery Easy Peel Printable Address Labels with Sure Feed, 1" x 2-5/8" Customizable Stickers, White, 300 Blank Mailing Labels, Great for Mailing, Shipping, and More (18160)</p><p> -38% 0FF </p><p>$5.54</p><a href="https://www.amazon.com/dp/B001SN8ITI?tag=eloabder-20&linkCode=osi&th=1&psc=1">View Product</a></div><div class="product"><a href="https://www.amazon.com/dp/B0C2P8YTW2?tag=eloabder-20&linkCode=osi&th=1&psc=1"><img src="https://m.media-amazon.com/images/I/51EeHFqmTKL._SL500_.jpg" alt="Product Image"></a><p>FungLam 1" x 2-5/8" Shipping Address Labels 900 Label Stickers Paper for Laser/Inkjet Printer 30 per Page Printable Mailing Labels (30 Sheets, 900 Labels)</p><p> -25% 0FF </p><p>$5.99</p><a href="https://www.amazon.com/dp/B0C2P8YTW2?tag=eloabder-20&linkCode=osi&th=1&psc=1">View Product</a></div>
<div class="product"><a href="https://www.amazon.com/dp/B07X41JJXB?tag=eloabder-20&linkCode=osi&th=1&psc=1"><img src="https://m.media-amazon.com/images/I/31V4rpfdGtL._SL500_.jpg" alt="Product Image"></a><p>KKBESTPACK 100 Large Poly Mailers 10x13 Shipping Bags for Small Business – Self Sealing Package Envelopes (10 x 13 Pack of 100, Black)</p><p> -10% 0FF </p><p>$8.94 ($0.09 / Count)</p><a href="https://www.amazon.com/dp/B07X41JJXB?tag=eloabder-20&linkCode=osi&th=1&psc=1">View Product</a></div><div class="product"><a href="https://www.amazon.com/dp/B08C9T3997?tag=eloabder-20&linkCode=osi&th=1&psc=1"><img src="https://m.media-amazon.com/images/I/41CMEDIsQEL._SL500_.jpg" alt="Product Image"></a><p>Anylabel 2" x 3" Fragile Stickers for Shipping and Moving Please Handle with Care Fragile Thank You Do Not Drop, Warning Stickers Fragile Labels, Permanent Adhesive(500 Labels, 1 Roll)</p><p> -33% 0FF </p><p>$5.99</p><a href="https://www.amazon.com/dp/B08C9T3997?tag=eloabder-20&linkCode=osi&th=1&psc=1">View Product</a></div>

<div class="product"><a href="https://www.amazon.com/dp/B07S1JPBL3?tag=eloabder-20&linkCode=osi&th=1&psc=1"><img src="https://m.media-amazon.com/images/I/31f-QQIYroL._SL500_.jpg" alt="Product Image"></a><p>Amazon Basics Bubble Cushioning Wrap Packing Material for Fragile Items, Perforated, 12 inch x 175 ft Long Roll, Small 3/16", Clear</p><p> -6% 0FF </p><p>$21.99</p><a href="https://www.amazon.com/dp/B07S1JPBL3?tag=eloabder-20&linkCode=osi&th=1&psc=1">View Product</a></div><div class="product"><a href="https://www.amazon.com/dp/B0829D1D7V?tag=eloabder-20&linkCode=osi&th=1&psc=1"><img src="https://m.media-amazon.com/images/I/41azI2zaEYL._SL500_.jpg" alt="Product Image"></a><p>Bubble Cushioning Wrap Rolls, 3/16" x 12" x 72' ft Total [2 Rolls of 36 Feet] Perforated Every 12", 20 Fragile Stickers for Packaging, Shipping, Mailing</p><p> -14% 0FF </p><p>$18.99 ($9.50 / Count)</p><a href="https://www.amazon.com/dp/B0829D1D7V?tag=eloabder-20&linkCode=osi&th=1&psc=1">View Product</a></div><div class="product"><a href="https://www.amazon.com/dp/B011TB3UF0?tag=eloabder-20&linkCode=osi&th=1&psc=1"><img src="https://m.media-amazon.com/images/I/413RZYGr8kL._SL500_.jpg" alt="Product Image"></a><p>Duck Brand Bubble Wrap Original Protective Packaging, 12 Inches Wide x 30-Feet Long, Single Roll (393251), Clear</p><p> -26% 0FF </p><p>$8.85 ($0.30 / Sq Ft)</p><a href="https://www.amazon.com/dp/B011TB3UF0?tag=eloabder-20&linkCode=osi&th=1&psc=1">View Product</a></div>
<div class="product"><a href="https://www.amazon.com/dp/B016CV811U?tag=eloabder-20&linkCode=osi&th=1&psc=1"><img src="https://m.media-amazon.com/images/I/21hieSulLcL._SL500_.jpg" alt="Product Image"></a><p>MFLABEL Half Sheet Shipping Labels - 200 Self Adhesive Sticker Sheets for Laser & Inkjet Printers, Waterproof & Smudge-Free, with 12 Free Fragile Labels for Packaging, Shipping and Crafting</p><p> -5% 0FF </p><p>$9.49</p><a href="https://www.amazon.com/dp/B016CV811U?tag=eloabder-20&linkCode=osi&th=1&psc=1">View Product</a></div><div class="product"><a href="https://www.amazon.com/dp/B000093IJY?tag=eloabder-20&linkCode=osi&th=1&psc=1"><img src="https://m.media-amazon.com/images/I/51QdWTqr3AL._SL500_.jpg" alt="Product Image"></a><p>Avery Printable Shipping Labels with Sure Feed, 3-1/3" x 4", White, 150 Blank Mailing Labels (5264)</p><p> -20% 0FF </p><p>$13.62</p><a href="https://www.amazon.com/dp/B000093IJY?tag=eloabder-20&linkCode=osi&th=1&psc=1">View Product</a></div>
<div class="product"><a href="https://www.amazon.com/dp/B0B41X9SMT?tag=eloabder-20&linkCode=osi&th=1&psc=1"><img src="https://m.media-amazon.com/images/I/41CPFzKfW6L._SL500_.jpg" alt="Product Image"></a><p>Primy Drafting Chair Tall Office Chair with Flip-up Armrests Executive Ergonomic Computer Standing Desk Chair with Lumbar Support and Adjustable Footrest Ring (Black)</p><p> -16% 0FF </p><p>$108.96</p><a href="https://www.amazon.com/dp/B0B41X9SMT?tag=eloabder-20&linkCode=osi&th=1&psc=1">View Product</a></div><div class="product"><a href="https://www.amazon.com/dp/B0BFQX3YFY?tag=eloabder-20&linkCode=osi&th=1&psc=1"><img src="https://m.media-amazon.com/images/I/51+-fixEMUL._SL500_.jpg" alt="Product Image"></a><p>BlissTrends Foot Rest for Under Desk at Work-Versatile Foot Stool with Washable Cover-Comfortable Footrest with 2 Adjustable Heights for Car,Home and Office to Relieve Back,Lumbar,Knee Pain-Black</p><p> -39% 0FF </p><p>$18.99</p><a href="https://www.amazon.com/dp/B0BFQX3YFY?tag=eloabder-20&linkCode=osi&th=1&psc=1">View Product</a></div>
<div class="product"><a href="https://www.amazon.com/dp/B0CT8ZJ7ZC?tag=eloabder-20&linkCode=osi&th=1&psc=1"><img src="https://m.media-amazon.com/images/I/311UeVa48fL._SL500_.jpg" alt="Product Image"></a><p>HP OfficeJet Pro 8125e Wireless All-in-One Color Inkjet Printer, Print, scan, Copy, ADF, Duplex Printing Best-for-Home Office, 3 Month Instant Ink Trial Included, AI-Enabled (405T6A)</p><p> -21% 0FF </p><p>$109.99</p><a href="https://www.amazon.com/dp/B0CT8ZJ7ZC?tag=eloabder-20&linkCode=osi&th=1&psc=1">View Product</a></div><div class="product"><a href="https://www.amazon.com/dp/B0F1NJ75D5?tag=eloabder-20&linkCode=osi&th=1&psc=1"><img src="https://m.media-amazon.com/images/I/31pX+mOBu5L._SL500_.jpg" alt="Product Image"></a><p>HP DeskJet 2827e Wireless All-in-One Color Inkjet Printer, Scanner, Copier, Best-for-Home, 3 Month Instant Ink Trial Included, AI-Enabled (6W7F5A)</p><p> -41% 0FF </p><p>$49.99</p><a href="https://www.amazon.com/dp/B0F1NJ75D5?tag=eloabder-20&linkCode=osi&th=1&psc=1">View Product</a></div><div class="product"><a href="https://www.amazon.com/dp/B096N8DN2H?tag=eloabder-20&linkCode=osi&th=1&psc=1"><img src="https://m.media-amazon.com/images/I/316Ru3Zv4bL._SL500_.jpg" alt="Product Image"></a><p>Epson EcoTank ET-2800 Wireless Color All-in-One Cartridge-Free Supertank Printer with Scan and Copy â€“ The Ideal Basic Home Printer - Black, Medium</p><p> -25% 0FF </p><p>$179.99</p><a href="https://www.amazon.com/dp/B096N8DN2H?tag=eloabder-20&linkCode=osi&th=1&psc=1">View Product</a></div><div class="product"><a href="https://www.amazon.com/dp/B0FGC43YCL?tag=eloabder-20&linkCode=osi&th=1&psc=1"><img src="https://m.media-amazon.com/images/I/41LqmhjzXHL._SL500_.jpg" alt="Product Image"></a><p>Brother Work Smart 1360 Wireless Color Inkjet All-in-One Printer with Automatic Duplex Printing and 1.8” Color Display | Includes Refresh Subscription Trial(1) (MFC-J1360DW) (Uses LC501 Series Inks)</p><p> -18% 0FF </p><p>$89.99</p><a href="https://www.amazon.com/dp/B0FGC43YCL?tag=eloabder-20&linkCode=osi&th=1&psc=1">View Product</a></div><div class="product"><a href="https://www.amazon.com/dp/B0D1DV6FV5?tag=eloabder-20&linkCode=osi&th=1&psc=1"><img src="https://m.media-amazon.com/images/I/31-ZgpCGxiL._SL500_.jpg" alt="Product Image"></a><p>Canon PIXMA TS3720 Wireless All-in-One Printer (6671C022)</p><p> -38% 0FF </p><p>$54.00</p><a href="https://www.amazon.com/dp/B0D1DV6FV5?tag=eloabder-20&linkCode=osi&th=1&psc=1">View Product</a></div><div class="product"><a href="https://www.amazon.com/dp/B0BSMSYM9N?tag=eloabder-20&linkCode=osi&th=1&psc=1"><img src="https://m.media-amazon.com/images/I/31jPKfRqWSL._SL500_.jpg" alt="Product Image"></a><p>Canon MegaTank G3270 All-in-One Wireless Inkjet Printer. for Home Use, Print, Scan and Copy</p><p> -36% 0FF </p><p>$159.99</p><a href="https://www.amazon.com/dp/B0BSMSYM9N?tag=eloabder-20&linkCode=osi&th=1&psc=1">View Product</a></div>
<div class="product"><a href="https://www.amazon.com/dp/B0010JEJPC?tag=eloabder-20&linkCode=osi&th=1&psc=1"><img src="https://m.media-amazon.com/images/I/41O8Dj93QSL._SL500_.jpg" alt="Product Image"></a><p>Scotch TL901X Thermal Laminator, 1 Laminating Machine, Gray, Laminate School Assignments and Documents, for Dorm Room or School Supplies, 9 in.</p><p> -8% 0FF </p><p>$36.67</p><a href="https://www.amazon.com/dp/B0010JEJPC?tag=eloabder-20&linkCode=osi&th=1&psc=1">View Product</a></div><div class="product"><a href="https://www.amazon.com/dp/B0FRY6Z23J?tag=eloabder-20&linkCode=osi&th=1&psc=1"><img src="https://m.media-amazon.com/images/I/510BRY6bwzL._SL500_.jpg" alt="Product Image"></a><p>A3 Laminator Machine,13 Inch 9-in-1 Laminating Machine with Laminating Sheets,Thermal Laminator Hot & Cold with Fast Warm Technology for Home,Office or School Supplies(Black)</p><p> -80% 0FF </p><p>$49.99</p><a href="https://www.amazon.com/dp/B0FRY6Z23J?tag=eloabder-20&linkCode=osi&th=1&psc=1">View Product</a></div><div class="product"><a href="https://www.amazon.com/dp/B00CLV8ZIU?tag=eloabder-20&linkCode=osi&th=1&psc=1"><img src="https://m.media-amazon.com/images/I/414Ubx6GcML._SL500_.jpg" alt="Product Image"></a><p>Scotch PRO TL906 Thermal, Laminator Machine, 1 Laminating Device, White/Blue, Laminate Recipe Cards, Photos, Documents, for Home, Office, or School Supplies, 9 in</p><p> -42% 0FF </p><p>$43.80</p><a href="https://www.amazon.com/dp/B00CLV8ZIU?tag=eloabder-20&linkCode=osi&th=1&psc=1">View Product</a></div><div class="product"><a href="https://www.amazon.com/dp/B0CGC1WTV1?tag=eloabder-20&linkCode=osi&th=1&psc=1"><img src="https://m.media-amazon.com/images/I/41znZqCgzkL._SL500_.jpg" alt="Product Image"></a><p>Scotch Thermal Laminator, Extra Wide 13 Inch Input, Ideal for Teachers, Small Offices, or Home (TL1302X)</p><p> -24% 0FF </p><p>$47.58</p><a href="https://www.amazon.com/dp/B0CGC1WTV1?tag=eloabder-20&linkCode=osi&th=1&psc=1">View Product</a></div><div class="product"><a href="https://www.amazon.com/dp/B0FFSRRYQQ?tag=eloabder-20&linkCode=osi&th=1&psc=1"><img src="https://m.media-amazon.com/images/I/41n+2Vb8m2L._SL500_.jpg" alt="Product Image"></a><p>Laminator Machine, A4 Laminators Hot & Cold with 20 Laminating Sheets and Trimmer, 9 Inch Laminating Machine for Office, School, Business and Home</p><p> -57% 0FF </p><p>$29.99</p><a href="https://www.amazon.com/dp/B0FFSRRYQQ?tag=eloabder-20&linkCode=osi&th=1&psc=1">View Product</a></div><div class="product"><a href="https://www.amazon.com/dp/B007VBXB48?tag=eloabder-20&linkCode=osi&th=1&psc=1"><img src="https://m.media-amazon.com/images/I/41h-uQWFewL._SL500_.jpg" alt="Product Image"></a><p>Scotch Thermal Laminating Pouches, for Use with Thermal Laminators, 8.9 x 11.4 Inches, Letter Size Sheets, 100-Pack</p><p> -43% 0FF </p><p>$11.37</p><a href="https://www.amazon.com/dp/B007VBXB48?tag=eloabder-20&linkCode=osi&th=1&psc=1">View Product</a></div>
<div class="product"><a href="https://www.amazon.com/dp/B0CZP66BTJ?tag=eloabder-20&linkCode=osi&th=1&psc=1"><img src="https://m.media-amazon.com/images/I/410wj1x5eIL._SL500_.jpg" alt="Product Image"></a><p>Sweetcrispy Ergonomic Office Chair Heavy Duty Task Desk Chair with Flip-up Arms, PU Leather, Adjustable Swivel Rolling Chair with Wheels, Beige</p><p> -18% 0FF </p><p>$89.99</p><a href="https://www.amazon.com/dp/B0CZP66BTJ?tag=eloabder-20&linkCode=osi&th=1&psc=1">View Product</a></div><div class="product"><a href="https://www.amazon.com/dp/B00OCSNMO2?tag=eloabder-20&linkCode=osi&th=1&psc=1"><img src="https://m.media-amazon.com/images/I/41ZHAgGzr3L._SL500_.jpg" alt="Product Image"></a><p>Staples Hyken Ergonomic Swivel Task Chair, Adjustable Office Chair with Breathable Mesh and Lumbar Support, Perfect for Home and Office, Black</p><p> -7% 0FF </p><p>$129.99</p><a href="https://www.amazon.com/dp/B00OCSNMO2?tag=eloabder-20&linkCode=osi&th=1&psc=1">View Product</a></div><div class="product"><a href="https://www.amazon.com/dp/B0DXKCKPJG?tag=eloabder-20&linkCode=osi&th=1&psc=1"><img src="https://m.media-amazon.com/images/I/41HHOkCkcsL._SL500_.jpg" alt="Product Image"></a><p>Sweetcrispy Executive Home Office Desk Chair - Ergonomic Big Tall High Back with Footrest & Lumbar Support, Reclining Height Adjustable, Comfy PU Leather Computer Gaming with Swivel Wheels, White</p><p> -9% 0FF </p><p>$182.96</p><a href="https://www.amazon.com/dp/B0DXKCKPJG?tag=eloabder-20&linkCode=osi&th=1&psc=1">View Product</a></div><div class="product"><a href="https://www.amazon.com/dp/B0BHY5C5PC?tag=eloabder-20&linkCode=osi&th=1&psc=1"><img src="https://m.media-amazon.com/images/I/410TtD7nw9L._SL500_.jpg" alt="Product Image"></a><p>NEO CHAIR Office Desk Computer Chair Ergonomic Executive Mid-Back Leather Gaming Chair with Adjustable Flip-Up Armrests Wheels Swivel for Home Study Task (Jet Black)</p><p> -30% 0FF </p><p>$69.98</p><a href="https://www.amazon.com/dp/B0BHY5C5PC?tag=eloabder-20&linkCode=osi&th=1&psc=1">View Product</a></div>
<div class="product"><a href="https://www.amazon.com/dp/B08P3YVH3X?tag=eloabder-20&linkCode=osi&th=1&psc=1"><img src="https://m.media-amazon.com/images/I/41rW4JApydL._SL500_.jpg" alt="Product Image"></a><p>Epson Workforce ES-400 II Color Duplex Desktop Document Scanner for PC and Mac, with Auto Document Feeder (ADF) and Image Adjustment Tools, ES-400 II</p><p> -21% 0FF </p><p>$299.99</p><a href="https://www.amazon.com/dp/B08P3YVH3X?tag=eloabder-20&linkCode=osi&th=1&psc=1">View Product</a></div><div class="product"><a href="https://www.amazon.com/dp/B0F9B1H5VN?tag=eloabder-20&linkCode=osi&th=1&psc=1"><img src="https://m.media-amazon.com/images/I/41HifuXRYEL._SL500_.jpg" alt="Product Image"></a><p>ScanSnap iX2500 Wireless or USB High-Speed Cloud Enabled Document, Photo & Receipt Scanner with Large 5" Touchscreen and 100 Page Auto Document Feeder for Mac or PC, Black</p><p> -7% 0FF </p><p>$419.99</p><a href="https://www.amazon.com/dp/B0F9B1H5VN?tag=eloabder-20&linkCode=osi&th=1&psc=1">View Product</a></div><div class="product"><a href="https://www.amazon.com/dp/B07KQZWPYN?tag=eloabder-20&linkCode=osi&th=1&psc=1"><img src="https://m.media-amazon.com/images/I/21Ae0eJDWsL._SL500_.jpg" alt="Product Image"></a><p>Epson WorkForce ES-50 Portable Sheet-Fed Document Scanner for PC and Mac</p><p> -18% 0FF </p><p>$129.99</p><a href="https://www.amazon.com/dp/B07KQZWPYN?tag=eloabder-20&linkCode=osi&th=1&psc=1">View Product</a></div><div class="product"><a href="https://www.amazon.com/dp/B0C364K1SC?tag=eloabder-20&linkCode=osi&th=1&psc=1"><img src="https://m.media-amazon.com/images/I/41LKHn9dimL._SL500_.jpg" alt="Product Image"></a><p>Epson Perfection V19 II Color Photo and Document Flatbed Scanner with 4800 dpi Optical Resolution, USB Power and High-Rise, Removable Lid</p><p> -10% 0FF </p><p>$89.99</p><a href="https://www.amazon.com/dp/B0C364K1SC?tag=eloabder-20&linkCode=osi&th=1&psc=1">View Product</a></div><div class="product"><a href="https://www.amazon.com/dp/B09FX5SRQT?tag=eloabder-20&linkCode=osi&th=1&psc=1"><img src="https://m.media-amazon.com/images/I/41VnXqJ86dL._SL500_.jpg" alt="Product Image"></a><p>ScanSnap iX1300 Compact Wireless or USB Double-Sided Color Document, Photo & Receipt Scanner with Auto Document Feeder and Manual Feeder for Mac or PC, Black</p><p> -20% 0FF </p><p>$279.99</p><a href="https://www.amazon.com/dp/B09FX5SRQT?tag=eloabder-20&linkCode=osi&th=1&psc=1">View Product</a></div><div class="product"><a href="https://www.amazon.com/dp/B08P3ZT5WH?tag=eloabder-20&linkCode=osi&th=1&psc=1"><img src="https://m.media-amazon.com/images/I/410lohpNzaL._SL500_.jpg" alt="Product Image"></a><p>Epson Workforce ES-580W Wireless Color Duplex Desktop Document Scanner for PC and Mac with 100-sheet Auto Document Feeder (ADF) and Intuitive 4.3" Touchscreen</p><p> -20% 0FF </p><p>$359.99</p><a href="https://www.amazon.com/dp/B08P3ZT5WH?tag=eloabder-20&linkCode=osi&th=1&psc=1">View Product</a></div>
<div class="product"><a href="https://www.amazon.com/dp/B086BLQZ5L?tag=eloabder-20&linkCode=osi&th=1&psc=1"><img src="https://m.media-amazon.com/images/I/411bezC-CcL._SL500_.jpg" alt="Product Image"></a><p>Aothia Non-Slip Waterproof PU Leather Desk Pad Protector for Mouse, Writing Desk, Office, Home, Laptop Blotter, 23.6" x 13.7", Black</p><p> -29% 0FF </p><p>$9.99</p><a href="https://www.amazon.com/dp/B086BLQZ5L?tag=eloabder-20&linkCode=osi&th=1&psc=1">View Product</a></div><div class="product"><a href="https://www.amazon.com/dp/B0BYDZQY2K?tag=eloabder-20&linkCode=osi&th=1&psc=1"><img src="https://m.media-amazon.com/images/I/41QEEnkGx9L._SL500_.jpg" alt="Product Image"></a><p>Large Desk Mat 47.2" x 17" Leather Desk Pad Protector with Natural Cork & PU Leather, Non-Slip Office Desk Mat, Large Mouse Pad, Waterproof Desk Blotter pad for Office&Home(Black)</p><p> -20% 0FF </p><p>$19.99</p><a href="https://www.amazon.com/dp/B0BYDZQY2K?tag=eloabder-20&linkCode=osi&th=1&psc=1">View Product</a></div>
<div class="product"><a href="https://www.amazon.com/dp/B0B1YH7KWF?tag=eloabder-20&linkCode=osi&th=1&psc=1"><img src="https://m.media-amazon.com/images/I/411u5AKKl5L._SL500_.jpg" alt="Product Image"></a><p>Gannyfer Desk Shelf Organizer - Wood Desktop Shelf, Freestanding Desk Hutch Office Decor, 3 Tier Storage Display Rack, Small Bookshelf with Metal Frame for Books/Plants/Toys (Rustic Brown Black)</p><p> -11% 0FF </p><p>$24.99</p><a href="https://www.amazon.com/dp/B0B1YH7KWF?tag=eloabder-20&linkCode=osi&th=1&psc=1">View Product</a></div><div class="product"><a href="https://www.amazon.com/dp/B0F6T1GLFL?tag=eloabder-20&linkCode=osi&th=1&psc=1"><img src="https://m.media-amazon.com/images/I/51W7EISrFML._SL500_.jpg" alt="Product Image"></a><p>Mooliwe 57 Pcs Plant Bulletin Board Set Inspirational Flower Bulletin Board Decoration Positive Cutout Classroom Decoration for School Office Home Teacher Classroom Wall Supplies</p><p> -29% 0FF </p><p>$11.99</p><a href="https://www.amazon.com/dp/B0F6T1GLFL?tag=eloabder-20&linkCode=osi&th=1&psc=1">View Product</a></div><div class="product"><a href="https://www.amazon.com/dp/B0B2J4LXRP?tag=eloabder-20&linkCode=osi&th=1&psc=1"><img src="https://m.media-amazon.com/images/I/51WaA9sEIDL._SL500_.jpg" alt="Product Image"></a><p>Geyee 8 Pieces Cactus Funny Notepads Plant Memo Pads Office Supplies Cute Novelty Lined Notepad Desk List Notepad for Teacher Studying School Home Travel Rewards, 4 x 6 Inches</p><p> -10% 0FF </p><p>$8.99</p><a href="https://www.amazon.com/dp/B0B2J4LXRP?tag=eloabder-20&linkCode=osi&th=1&psc=1">View Product</a></div><div class="product"><a href="https://www.amazon.com/dp/B0CZDCM3Z9?tag=eloabder-20&linkCode=osi&th=1&psc=1"><img src="https://m.media-amazon.com/images/I/41-EfcsSuyL._SL500_.jpg" alt="Product Image"></a><p>YMYNY Desktop Shelf Organizer, 4 Tier Storage Display Rack, Desk Shelf Organizer Small Bookshelf with Metal Frame for Office, Books, Plants, 12.2" x 9.45" x 17.52", Rustic Brown Black UHSR007H</p><p> -11% 0FF </p><p>$26.69</p><a href="https://www.amazon.com/dp/B0CZDCM3Z9?tag=eloabder-20&linkCode=osi&th=1&psc=1">View Product</a></div>


                </div>

                <!-- Bouton flottant -->
                <button class="floating-button" onclick="window.location.href='https://www.iasmarket.us'">HOME</button>
            
                <!-- Pagination -->
                <div class="pagination">
                        </div>

            <script>
                function updateTime() {
                    const optionsDate = {
                        timeZone: 'America/Los_Angeles',
                        year: 'numeric',
                        month: 'long',
                        day: 'numeric',
                        weekday: 'long'
                    };
                    const optionsTime = {
                        timeZone: 'America/Los_Angeles',
                        hour: '2-digit',
                        minute: '2-digit',
                        second: '2-digit'
                    };
        
                    const now = new Date();
                    const formatterDate = new Intl.DateTimeFormat('en-US', optionsDate);
                    const formatterTime = new Intl.DateTimeFormat('en-US', optionsTime);
        
                    const formattedDate = formatterDate.format(now);
                    const formattedTime = formatterTime.format(now);
        
                    document.getElementById('comment').textContent = "As an AMAZON Associate, I earn from qualifying purchases.";
                    document.getElementById('date').textContent = formattedDate;
                    document.getElementById('time').textContent = formattedTime;
                }
        
                updateTime();
                setInterval(updateTime, 1000);
        
                function filterProducts() {
                    const input = document.getElementById('searchInput');
                    const filter = input.value.toLowerCase();
                    const container = document.getElementById('productContainer');
                    const products = container.getElementsByClassName('product');
        
                    for (let i = 0; i < products.length; i++) {
                        const product = products[i];
                        const text = product.textContent || product.innerText;
                        if (text.toLowerCase().indexOf(filter) > -1) {
                            product.style.display = "";
                        } else {
                            product.style.display = "none";
                        }
                    }
                }
            </script>
             </body>
        
            </html>
        